3309 5750
1288 746 1339 798 XV

168 929 209 995 ut
231 924 354 997 acutus
381 924 417 993 et
437 917 639 1017 ingeniosus
661 916 798 991 iuvenis
824 917 873 991 ad
894 917 987 991 hunc
1009 903 1213 1017 apparatum
1236 918 1340 994 Criti-

170 1073 252 1124 cum
271 1047 551 1147 cognoscendum
573 1053 611 1120 et
632 1044 880 1121 excutiendum
901 1046 1104 1123 alliceretur.
1139 1050 1244 1122 Nunc
1260 1072 1343 1122 oon·

168 1184 309 1251 tree'stz
332 1197 463 1250 nausea
486 1183 523 1248 et
545 1175 725 1249 fastidiam
747 1174 842 1272 cepit
861 1174 996 1248 animos
1022 1175 1059 1247 in
1083 1176 1150 1250 ista
1173 1178 1265 1251 mole
1288 1176 1342 1250 in-

171 1306 308 1405 digesta
331 1300 579 1401 scripturarum
601 1303 732 1377 nullius
754 1302 877 1400 pretii,
903 1325 990 1401 quas
1013 1302 1261 1378 homunciones
1284 1326 1343 1378 sn·

167 1458 231 1532 pru
256 1430 482 1531 quam-credi
505 1426 621 1529 potest
640 1425 758 1510 futiles
778 1436 814 1503 et
839 1429 1014 1528 nugatorii
1041 1429 1208 1507 fuderunt
1233 1432 1344 1507 hallu·

170 1560 345 1635 einantesr
360 1559 469 1655 inque
486 1579 528 1631 eo
548 1557 685 1657 gurgite
705 1558 761 1632 hie
780 1557 851 1632 illic
870 1565 995 1636 natant
1012 1560 1224 1658 optimorum
1241 1560 1345 1634 libro-

174 1709 255 1762 rum
279 1683 510 1770 vetustissime
528 1686 700 1784 quaedam
721 1686 868 1775 menda,
892 1687 989 1761 intus
1012 1687 1162 1787 optimas
1181 1686 1347 1762 lectiones
1444 1786 1448 1795 Ι

178 1814 366 1901 servantia,
400 1835 491 1911 quae
520 1812 763 1913 simulatque
796 1814 907 1914 perite
940 1824 978 1891 et
1012 1816 1167 1891 sollerter
1199 1840 1347 1892 manum

171 1937 364 2017 admoueris
392 1943 499 2017 veluti
524 1943 671 2043 igniculi
695 1942 841 2041 qnidam
871 1943 1021 2018 emicant
1042 1952 1079 2018 et
1102 1968 1146 2018 ex
1165 1952 1241 2018 atra
1263 1942 1346 2018 coli·

171 2070 253 2170 gine
273 2069 401 2144 olerum
422 2070 536 2144 lucem
556 2070 756 2146 affrmdunt.
805 2070 886 2145 Hae
908 2082 991 2145 sunt
1010 2071 1244 2172 discrepantes
1263 2070 1345 2146 scri·

169 2205 294 2299 ptume
310 2194 421 2274 utiles
443 2202 495 2286 et,
515 2208 557 2271 ut
581 2198 633 2272 ito
656 2198 789 2287 dicem,
813 2198 1023 2287 foecundae,
1050 2198 1088 2272 in
1112 2197 1241 2297 quibus
1264 2205 1348 2272 sunt

168 2325 302 2404 semine
327 2321 615 2404 ¹emendationum
637 2323 677 2399 in
704 2325 780 2401 aliis
803 2327 887 2401 locis
909 2335 946 2401 et
971 2326 1195 2428 scriptoribus
1218 2325 1347 2401 tacien-

168 2453 305 2527 darum.
350 2452 411 2525 -Er
437 2452 493 2526 his
520 2451 629 2551 igitur
654 2453 731 2527 elici
756 2461 905 2552 possunt
928 2454 1184 2529 observationes
1204 2454 1346 2527 Palaeo-

171 2579 357 2681 graphioee
377 2586 493 2654 certae
514 2586 550 2653 et
570 2578 711 2654 stabiles
735 2580 918 2679 scriptores
942 2579 1092 2654 Graecos
1112 2580 1348 2655 emendaturis
1399 2633 1406 2646 ·

171 2733 336 2813 praesens
352 2706 485 2806 ubique
502 2707 670 2783 auxilium
688 2708 873 2797 allaturae,
894 2731 965 2805 que
981 2708 1043 2806 qui
1060 2705 1249 2782 destitutus
1261 2708 1327 2782 erit
1336 2763 1347 2798 ,

174 2837 205 2912 si
233 2835 362 2912 iudicio
392 2836 501 2926 valet,
538 2836 669 2911 multas
694 2859 796 2936 saepe
825 2835 974 2937 ineptias
1000 2842 1036 2911 et
1061 2835 1215 2913 absurda
1235 2835 1348 2912 multa

172 2965 265 3043 inter
277 2965 466 3066 legendnm
479 2964 736 3066 deprehendere
748 2964 894 3066 poterit,
918 2967 980 3041 sed
997 2967 1118 3041 tollere
1131 2973 1167 3039 et
1178 2964 1348 3065 corrigere

174 3114 291 3192 neque
309 3094 435 3193 poterit
451 3074 565 3192 neque
583 3094 748 3184 audebit,
768 3094 852 3193 quia
874 3094 998 3171 erroris
1014 3095 1184 3196 originem
1209 3093 1346 3192 excogi-

132 3205 136 3211 ,
172 3228 246 3296 tare
267 3227 305 3295 et
325 3221 517 3323 perspicere
538 3246 609 3296 nen
631 3230 755 3324 potest.
777 3225 869 3302 Quis
891 3224 1003 3311 eninr,
1019 3224 1081 3321 qni
1097 3223 1347 3320 circumspecto

172 3339 375 3423 iudicio'est
397 3357 433 3421 et
452 3349 498 3422 eb
521 3349 617 3422 omni
634 3350 829 3424 temeritate
851 3349 1345 3448 ingeniovetnatnraelienuu

175 3475 299 3574 quala
312 3475 418 3552 multi
434 3475 562 3549 dantur
576 3477 673 3574 apud
690 3482 879 3563 nostrates,
901 3477 939 3549 in
956 3475 1114 3553 animum
1129 3475 1272 3548 inducet
1283 3497 1347 3573 pro

171 3604 392 3698 tiemendere
405 3605 635 3701 capaciores,
652 3610 716 3678 eut
735 3604 956 3702 παροιμίαν
975 3626 1038 3701 pro
1052 3603 1176 3689 πόλιν,
1188 3608 1252 3674 eut
1269 3601 1348 3700 γάρ

172 3729 236 3835 pro
261 3734 467 3834 γράφεται,
493 3739 555 3807 aut
578 3737 688 3820 τινές
710 3756 774 3833 pro
796 3735 993 3833 γιγνιται,
1017 3739 1080 3807 aut
1097 3733 1152 3818 ὡς
1170 3753 1233 3830 pro
1254 3731 1345 3818 καί,

175 3867 238 3938 eut
253 3862 355 3961 ’πρός
373 3885 438 3960 pro
452 3861 527 3952 εἰς,
547 3861 670 3955 κατά,
692 3864 783 3953 καί,
806 3863 881 3953 ὡς,
899 3868 961 3936 eut
980 3861 1082 3937 κατά
1094 3882 1158 3959 pro
1169 3858 1265 3948 α’πό,
1282 3864 1345 3935 aut

174 3995 337 4064 sexcenta
366 3990 434 4064 alia
462 3989 719 4080 huiuscemodi,
753 3990 821 4064 nisi
846 3991 931 4065 haee
954 3989 1072 4064 omnic
1094 3989 1133 4062 in
1155 3985 1345 4062 codicibus

172 4117 327 4217 antiquis
354 4125 417 4192 aut
439 4118 563 4193 viderit
588 4125 650 4193 ant
677 4142 699 4193 a
725 4119 887 4206 Brsrro,
918 4118 1111 4206 Porsena,
1142 4118 1344 4203 Doenano,

174 4245 489 4334 Venennnnnrrro,
513 4245 809 4322 Hnusrnnnosro
834 4246 993 4320 didicerit
1017 4271 1059 4321 eo
1084 4244 1189 4321 modo
1212 4242 1345 4319 exarari

174 4381 209 4449 et
242 4374 343 4474 pingi
374 4375 501 4461 solere,
531 4381 572 4447 ut
603 4374 671 4448 nisi
701 4372 747 4448 eb
777 4383 880 4449 acuto
915 4381 951 4448 et
985 4373 1121 4448 erudito
1152 4375 1277 4448 lectore
1307 4377 1345 4448 et

172 4503 236 4577 hoc
255 4509 381 4602 agente
404 4500 552 4575 discerni
574 4524 645 4577 non
665 4478 815 4601 possint}
840 4508 876 4575 et
898 4500 943 4576 eb
967 4502 1129 4602 imperita
1152 4501 1343 4578 scribarum

170 4631 310 4706 natione
341 4630 531 4704 sexcenties
564 4630 707 4706 confusa
735 4636 771 4705 et
799 4637 997 4729 permutata
1019 4631 1099 4704 sint.
1150 4630 1246 4704 Serio
1271 4654 1369 4731 cre·¹

169 4757 249 4832 dere
279 4765 470 4856 potuerunt
489 4758 627 4843 eruditi
658 4758 816 4834 homines
846 4765 884 4835 et
913 4758 951 4833 in
981 4759 1037 4835 his
1063 4783 1156 4834 unus
1184 4757 1342 4834 omnium

167 4885 389 4964 acutissimus
403 4886 579 4965 Wonmns
593 4887 638 4964 in
658 4888 972 4987 Brolmomesiaad
981 4888 1178 4964 Hennamr
1194 4906 1229 4984 p.
1242 4906 1343 4962 exon
