3309 5750
775 760 796 829 tt

200 938 233 1003 in
246 938 346 1004 veteri
360 938 520 1023 scriptura
533 936 580 1000 nil
591 932 746 1001 dillerunt
759 985 768 1012 ,
788 944 826 1001 ut
839 935 1011 1024 llusrcurus
1023 935 1054 1001 in
1067 936 1212 1003 ordinem
1226 936 1385 1023 receperit

199 1044 324 1117 ἑνννλῖνν
338 1064 395 1129 pro
407 1044 542 1118 irretio,
559 1043 637 1122 ἤρννε
647 1061 705 1126 pro
717 1050 807 1123 quiue,
820 1048 853 1107 et
864 1048 1015 1106 sexcenta
1028 1039 1258 1107 eiusdemmodi
1271 1049 1303 1118 et
1316 1042 1385 1127 ipse

198 1154 231 1211 et
253 1148 352 1214 ceteri
377 1147 602 1234 peccaverint,
636 1143 753 1229 arripit
776 1144 974 1212 confidenter
997 1144 1185 1211 vocabulum
1208 1142 1384 1231 quodlibet.

198 1254 270 1330 'ride
296 1258 370 1342 quie
400 1256 499 1323 scribi
523 1255 644 1321 solebat
675 1240 728 1325 ἦ)
760 1274 1001 1339 nonnumquam
1027 1256 1060 1320 in
1086 1251 1122 1329 ὗς
1151 1254 1251 1332 abiit,
1286 1252 1386 1322 semel

194 1358 264 1426 vidi
287 1383 358 1427 sues
388 1363 422 1426 in
444 1360 672 1447 filiusfamilias
696 1379 866 1427 conversos
899 1358 984 1446 apud
1014 1358 1258 1425 decernebar
1290 1359 1383 1425 Hom.

196 1484 227 1551 p.
256 1470 331 1531 132.
359 1486 389 1531 r.
426 1466 632 1547 iueeroplprr.
680 1465 772 1553 Apud
807 1464 930 1531 Surculi
961 1465 1133 1531 Eumnrcuu
1163 1463 1236 1531 odo.
1276 1464 1384 1529 Grone-

198 1578 275 1634 mel.
299 1569 384 1633 Vlll.
407 1580 438 1660 ἓ.
457 1574 509 1635 59.
535 1569 600 1635 ridi
616 1570 763 1638 librarios
784 1591 841 1657 pro
862 1571 912 1653 ῥίῳ
940 1572 1062 1647 ὑλήεντι
1087 1572 1214 1649 ὑψηλῶν
1237 1567 1323 1651 ὀρέων
1346 1588 1387 1634 er

199 1678 549 1749 ΎΨΗΛΩΝΟΡΕΩΝ
573 1674 732 1743 effinxisse
753 1674 1035 1758 deuteromium
1061 1675 1106 1740 ita
1129 1673 1285 1740 edebatur
1311 1682 1387 1740 ante

201 1779 375 1844 Furnrcrun.
423 1777 545 1845 Addam
580 1801 679 1846 unum
702 1782 885 1868 exemplum
910 1778 1108 1846 incredibilis
1139 1779 1387 1865 incogitantiae,

198 1902 281 1969 quae
304 1882 391 1948 viros
412 1882 521 1949 doctos
544 1885 729 1953 ioculariter
753 1884 876 1953 lelellit.
924 1886 1038 1952 Exstat
1064 1883 1209 1950 Srlrolr‘eo
1228 1885 1386 1951 eximium

189 1986 241 2053 ad
271 1986 381 2073 Odyss.
411 2010 445 2064 γ.
472 1994 510 2053 71
539 2010 577 2055 ex
600 1992 783 2058 Anrsnrncnr
813 1990 1056 2057 commentariis
1081 1989 1242 2068 οὐτολεξεὶ
1268 1989 1386 2056 deseri·

189 2100 311 2179 ptum:
335 2129 379 2143 ·-
400 2092 498 2160 δοτέον
522 2096 554 2160 δὲ
577 2099 620 2179 τῷ
645 2106 755 2179 ποιητῇ
780 2097 823 2163 rel
847 2102 990 2162 τοιοῦτον.
1016 2095 1068 2161 eet
1093 2096 1156 2178 γὰρ
1192 2101 1257 2163 νῦν
1277 2095 1386 2183 (scrib.

191 2194 261 2265 οὖν.
284 2197 398 2263 inserit
421 2198 634 2289 Burrununus)
660 2202 754 2268 αὐτὸν
777 2199 916 2283 παράγει
937 2200 1062 2279 εἰδότα,

369 2302 456 2367 intel
479 2328 530 2383 μοι
555 2305 619 2388 εἴφ’
639 2304 698 2382 ὅπη
723 2306 818 2390 ἔσχες
842 2308 892 2373 ter
915 2305 1135 2389 stimulemini.

200 2407 254 2474 eorl
280 2406 414 2481 συνίησιν
432 2410 600 2484 Ἑλληνίδα
619 2414 723 2494 φωνήν
741 2450 785 2461 -
808 2413 1016 2477 Anisnnncnus
1032 2412 1205 2497 scripserat
1228 2431 1290 2476 non
1314 2414 1387 2487 νῦν,

201 2513 335 2599 opinor,
357 2510 459 2579 multo
484 2513 592 2578 minus
615 2514 682 2593 οὖν,
707 2516 763 2583 sed
783 2523 889 2582 rubr.
937 2517 1076 2582 istorum
1094 2516 1195 2600 igitur
1207 2513 1388 2579 scribarum

200 2618 332 2683 inscitia
355 2617 526 2682 coniuncta
551 2638 627 2684 cum
651 2620 862 2707 incogitantia
881 2628 914 2686 et
935 2617 1101 2697 socordia,
1125 2618 1252 2705 quelenr
1285 2626 1389 2684 osten·

200 2723 330 2799 dimus,
365 2731 532 2809 grassetur
563 2744 621 2810 per
644 2746 754 2792 omnes
786 2726 924 2811 scriptos
955 2723 1054 2790 libros
1083 2724 1198 2790 aetatis
1217 2721 1390 2789 cuiuslibet

200 2836 233 2896 et
265 2834 322 2917 pro
344 2827 479 2894 diversis
511 2830 710 2916 temporibus
739 2829 929 2916 diversoque
960 2849 1048 2898 more
1074 2827 1236 2896 scribendi
1264 2826 1391 2896 diversa

202 2954 320 3022 genera
344 2933 427 3000 ludit
449 2954 616 3011 errorum,
649 2937 680 3000 in
706 2934 824 3022 quibus
847 2956 945 3021 quum
971 2937 1013 3002 sit
1032 2934 1191 3022 quaedam
1212 2933 1393 3002 constantia

198 3048 232 3108 et
255 3039 355 3107 veluti
389 3059 523 3114 norma,
558 3041 707 3126 sequitur
736 3050 771 3107 ut
807 3041 955 3108 medendi
988 3060 1114 3127 quoque
1141 3049 1173 3106 et
1196 3039 1389 3106 emendandi

199 3143 357 3233 quaedam
385 3164 454 3210 esse
474 3144 587 3211 debeat
610 3146 774 3234 analogia,
809 3154 1004 3234 quapropter
1028 3165 1156 3211 omnem
1180 3144 1263 3212 hanc
1282 3143 1391 3231 dispu-

190 3251 354 3317 tationem
379 3250 515 3334 ingressi
538 3270 663 3318 sumus.
712 3252 749 3318 ln
771 3272 808 3317 ea
829 3273 865 3318 re
886 3250 945 3315 boe
970 3250 1110 3336 primum
1134 3250 1391 3316 animadverten-

188 3355 277 3422 -dum
291 3361 340 3421 est
366 3355 545 3420 scribarum
566 3376 712 3432 errores,
736 3375 799 3441 quo
817 3357 883 3421 sint
899 3355 1117 3441 antiquiores,
1142 3375 1178 3422 eo
1195 3353 1391 3441 simpliciore

200 3471 233 3529 et
254 3460 390 3526 certiore
407 3458 568 3524 medicina
591 3479 683 3545 posse
707 3459 785 3526 tolli.
808 3459 955 3525 Nondum
977 3467 1144 3544 grassatur
1166 3459 1337 3524 temeraria
1360 3467 1393 3524 et

199 3565 372 3653 impudens
389 3563 614 3649 interpolatio,
638 3562 779 3628 nondum
803 3563 886 3630 male
909 3562 1012 3628 seduli
1042 3570 1240 3627 correctores
1262 3582 1320 3626 suo
1344 3581 1394 3627 ar·

199 3673 323 3739 bitratu
345 3668 429 3756 quod
458 3688 520 3733 non
553 3669 631 3734 satis
660 3669 791 3754 capiunt
815 3666 949 3734 delendo
973 3675 1029 3733 aut
1060 3665 1205 3732 addendo
1229 3665 1394 3752 refingunt

200 3786 233 3845 et
261 3777 413 3861 antiquae
434 3775 614 3860 scripturae
636 3775 771 3860 vestigia
796 3774 904 3840 omnia
924 3771 1128 3839 conturbant.
1164 3771 1306 3838 Litterae
1318 3793 1393 3858 que·

186 3881 388 3949 dremesive
409 3879 568 3957 unciales,
588 3887 624 3945 ut
643 3899 730 3946 nunc
753 3879 942 3969 pervulgato
963 3876 1290 3965 usuappellantur1,
1317 3897 1391 3944 ocu·

218 4081 442 4096 m

240 4187 265 4257 ²)
285 4196 402 4244 Litterae
425 4197 542 4245 unciales
561 4197 629 4262 apud
650 4198 808 4264 antiquiores
836 4213 887 4246 uno
908 4204 1007 4248 tantum
1032 4199 1107 4257 loeo,
1133 4197 1202 4263 quod
1226 4197 1322 4255 seiam,
1348 4211 1393 4244 no-

199 4277 332 4326 minentur
358 4277 491 4324 Hmnonrnu
520 4277 547 4324 in
568 4277 673 4327 Praesat.
704 4279 736 4328 ed
766 4278 859 4327 librum
882 4278 939 4327 lodi
958 4280 1118 4340 effuderunt,
1146 4277 1250 4343 inquit,
1277 4277 1323 4341 qui
1352 4290 1393 4323 ee-

203 4357 277 4418 irmt,
307 4362 404 4404 veteres
429 4355 508 4404 libros
531 4357 573 4404 vel
597 4359 629 4405 in
651 4360 805 4407 membranis
824 4361 968 4423 purpureis
996 4375 1059 4408 auro
1079 4365 1231 4424 argentoque
1252 4356 1393 4418 deeen'pter

202 4437 244 4485 cel
260 4435 422 4496 uncialibus,
447 4442 478 4483 ut
505 4437 581 4502 vulgo
603 4438 696 4496 eiurat,
728 4439 826 4487 litteris
850 4453 925 4486 errore
945 4440 1031 4505 magis
1050 4444 1159 4487 exoratu
1181 4452 1256 4501 prtum
1279 4434 1393 4494 rediere,

202 4515 332 4564 dummodo
356 4516 424 4563 milri
454 4517 565 4580 meisque
588 4520 745 4581 peremerant
768 4533 896 4583 pauperes
923 4518 1013 4566 bebere
1046 4518 1180 4567 schedulae
1215 4523 1240 4564 et
1265 4531 1314 4563 nore
1340 4521 1394 4560 eam

198 4597 322 4662 pulchros
348 4594 445 4644 codices
473 4612 547 4660 quum
574 4597 734 4659 retunderer,
765 4615 841 4663 quem
871 4599 955 4646 locum
986 4599 1030 4662 qni
1060 4599 1122 4646 mihi
1151 4595 1272 4645 indicavit
1297 4595 1393 4641 Ecum

205 4683 274 4726 reete
302 4676 410 4741 explicet
436 4675 533 4724 litteras
560 4677 689 4741 unciales,
717 4678 781 4743 quod
804 4679 925 4728 baberent
950 4681 1040 4728 unciae
1064 4694 1109 4727 eeu
1132 4677 1240 4742 pollicis
1266 4672 1398 4736 recognitu-

203 4756 303 4820 dictem,
323 4756 349 4804 in
372 4755 459 4805 Docte.
480 4756 583 4807 Numm.
605 4758 634 4807 V.
652 4773 677 4823 p.
701 4760 728 4808 4.
