3309 5750
751 643 793 704 65

225 824 329 912 Epist.
352 827 406 889 55.
444 820 637 904 είπίφρκοαε
674 826 800 884 valerus
829 815 955 883 addunt
984 818 1129 896 ἐμαυτόν.
1152 853 1197 868 -··
1225 823 1282 884 ποῖ
1313 841 1370 881 κα·

183 932 332 1013 παχίείιρν
368 928 510 1009 ε’ζνίπουνε
548 935 671 992 veteres
711 922 778 989 ὅποι
814 941 920 1009 neque
965 924 1160 1003 καταχθῆναι
1200 942 1238 989 co
1271 941 1370 988 sensu

183 1034 392 1121 usurpabant.
431 1074 476 1088 --
506 1032 560 1098 καί
598 1030 744 1113 εὐκαίρως
786 1029 969 1112 ἐμφοίγοιμι
1000 1028 1110 1107 advoc:
1144 1029 1281 1116 pessime
1322 1030 1372 1093 ειῖ·

182 1140 292 1221 καίριος
331 1139 437 1226 posuit
470 1158 527 1225 pro
557 1138 610 1203 ἐπὶ
647 1144 779 1217 σχολῆς.
838 1134 998 1199 llamnant
1037 1135 1181 1200 unanimi
1215 1147 1374 1201 consensu

188 1246 342 1332 llagistri·
378 1243 521 1325 εὐκαιρία
564 1261 622 1329 pro
661 1243 790 1323 σχολή,
833 1241 986 1321 εὐκαιρεῖν
1017 1258 1075 1325 pro
1108 1242 1227 1321 σχολῖρν
1257 1237 1371 1316 ἄγειν,

187 1351 252 1416 vid.
283 1351 505 1421 Pnarnrcuun,
542 1347 703 1412 Monimou
734 1354 766 1411 et
801 1345 961 1432 imprimis
997 1344 1113 1412 Snrnnn
1141 1363 1170 1409 v.
1207 1346 1310 1425 σχολή
1340 1351 1374 1410 et

188 1454 374 1537 σχολοίζειν.
426 1450 583 1517 admonet
610 1450 649 1517 de
677 1451 786 1517 cadem
808 1450 998 1535 οῖκνρολογίρι
1029 1456 1089 1516 πιῖν
1114 1457 1238 1516 πολλῶν
1269 1448 1371 1514 lnter·

187 1580 265 1646 pres
294 1558 334 1623 ad
360 1559 507 1622 Pcaronrs
537 1556 795 1642 Eotlyplrronem
828 1573 902 1643 pag.
929 1560 960 1621 6.
986 1576 1014 1621 ο.
1073 1555 1182 1641 Neque
1210 1556 1372 1638 ἐμφαγεῖν

189 1664 269 1729 hena
294 1661 411 1728 habet:
443 1661 521 1726 nillil
546 1663 654 1728 minus
677 1661 770 1728 horno
796 1661 929 1749 parabat
954 1679 1052 1747 quam
1083 1663 1269 1744 ἐμφαγεῖν,
1287 1656 1372 1746 quod

187 1767 352 1853 siguificat
383 1767 497 1850 raptim
528 1767 650 1853 aliquid
671 1768 732 1833 cibi
759 1787 890 1855 capere,
917 1776 949 1833 et
975 1767 1028 1832 illc
1059 1784 1094 1831 se
1126 1785 1183 1852 par
1206 1783 1371 1831 saturnum

184 1874 287 1938 otium
307 1870 506 1956 ingurgitare
526 1871 608 1937 cibis
624 1870 710 1939 furto
732 1873 856 1961 paratis
876 1872 1011 1938 volabat.
1046 1872 1231 1955 Ἐμφαγεῖν
1254 1870 1371 1937 dicun·

184 1985 246 2043 tur
260 1975 328 2052 illi,
347 1976 404 2062 qui
425 1976 458 2039 in
478 1977 588 2062 aliqua
613 1978 827 2064 trepidatione
850 1986 907 2043 aut
931 1976 1075 2043 tumultu
1098 1978 1284 2065 {estinanter
1305 1974 1372 2041 cibo

183 2082 291 2169 aliquo
312 2102 346 2146 ae
368 2080 534 2167 rapiciani,
556 2081 622 2148 vid.
647 2083 860 2150 Xnuornoarrs
883 2082 1006 2149 Hellen.
1031 2082 1085 2150 lV.
1110 2101 1139 2148 v.
1164 2088 1195 2148 8.
1218 2091 1284 2157 τοῖς
1314 2083 1372 2161 μέν

183 2186 295 2261 ἄλλοις
321 2182 408 2251 εἶπεν
431 2187 633 2269 ἐμφαγοῦσιν
660 2185 724 2254 iri
748 2190 887 2255 δύναιντο
916 2187 998 2267 ἥκειν
1016 2191 1074 2264 riv
1095 2187 1255 2271 παχίςκν,
1278 2188 1372 2260 αὐτὸς

172 2294 217 2359 .δέ
243 2294 399 2377 ὑφηγεῖτο
421 2290 573 2369 οίνοίριςος.
620 2290 666 2357 Gi.
691 2291 790 2359 Anob.
817 2294 870 2359 lV.
890 2314 922 2358 11.
946 2300 980 2369 l,
1012 2292 1065 2357 lv,
1084 2312 1113 2358 v,
1137 2298 1168 2359 8.
1194 2292 1248 2359 ubi
1268 2292 1374 2379 legen·

185 2398 287 2465 dum:
320 2395 424 2471 ἐπειδὴ
460 2396 486 2459 δ’
521 2395 697 2478 ἐμφοίγοιεν
726 2418 784 2484 pro
807 2398 840 2463 at
862 2421 892 2463 πι
923 2395 1121 2479 ἐμφάγοιεν,
1143 2417 1218 2464 nam
1241 2397 1374 2484 perinde

186 2512 236 2571 cst
258 2507 381 2586 φαγεῖν
405 2524 435 2566 τι
460 2508 491 2566 et
515 2502 699 2583 ἐμφαγεῖν,
734 2510 769 2568 ut
796 2510 878 2568 πιεῖν
900 2526 931 2569 πι
956 2508 987 2567 cl
1021 2504 1155 2581 ἐμπιεῖν.
1201 2503 1315 2588 ltaque
1339 2504 1374 2569 in

188 2608 380 2697 Cyropocdio
399 2605 482 2671 Vlll.
505 2627 526 2672 1.
550 2611 605 2673 44.
634 2609 740 2693 potior
769 2616 819 2673 est
848 2608 1011 2694 scriptura
1039 2606 1084 2678 ἐν’
1110 2606 1149 2673 ἂν
1178 2607 1312 2691 φοίγοιέν
1342 2631 1372 2675 πι

176 2733 285 2801 ¹quam
301 2712 347 2783 ἔν’
365 2710 541 2794 ἐμφάγοιέν
564 2737 606 2779 πι.
653 2711 806 2778 uiustam
830 2713 924 2801 plane
947 2715 1075 2799 generis
1098 2722 1146 2780 cst
1169 2716 1313 2794 ἐμπιεῖν,
1339 2721 1375 2781 ut

187 2820 222 2886 iu
259 2818 370 2905 Ogrop.
396 2817 477 2883 vtll.
506 2838 526 2884 1.
559 2824 588 2885 Ι.
622 2821 837 2902 προσήνεγκαν
871 2822 897 2886 οἱ
929 2820 1110 2903 ίεροίποντις
1134 2822 1296 2905 ἐμφαγεῖν
1320 2819 1372 2887 καὶ

186 2929 311 3007 ἐμπιεῖν
332 2923 377 2989 ἔπι
392 2919 472 2989 οὖσιν
484 2925 571 3006 αμφὶ
592 2924 636 2991 πα
652 2925 730 3008 ἱεροί,
746 2934 779 2992 et
797 2925 846 2998 illi
860 2935 983 2994 stantes
999 2925 1039 2992 ad
1056 2946 1144 2992 arani
1162 2927 1280 3013 raptim
1303 2925 1375 2993 cibo

187 3037 328 3120 potuque
347 3048 479 3114 corpora
502 3029 661 3098 reficiunt.
710 3033 879 3099 Praeterea
898 3034 1038 3112 ἐμπίνειν
1056 3033 1177 3099 dicitur
1199 3032 1244 3110 is,
1262 3033 1318 3118 qui
1339 3052 1374 3099 se

170 3136 311 3225 poculis
331 3137 446 3202 invitat
478 3136 706 3222 complusculis
727 3145 759 3202 et
782 3139 875 3223 genio
900 3138 1065 3224 indulget,
1095 3147 1208 3224 estque
1239 3136 1374 3203 verbum

183 3244 320 3331 plenum
351 3239 535 3307 festivitatis
564 3248 598 3306 et
620 3240 816 3319 hilaritatis,
842 3242 927 3327 quod
955 3244 988 3307 in
1012 3244 1157 3308 convivio
1188 3242 1375 3328 laetitiaque

186 3355 376 3436 perpetuam
398 3347 504 3412 sedern
527 3345 633 3410 hahet.
680 3347 819 3411 Conviva
842 3354 934 3410 satur
956 3346 1039 3433 apud
1062 3348 1260 3412 Ericununuu
1277 3348 1376 3413 Arun-

186 3472 259 3532 aaut
282 3451 334 3517 Vl.
362 3455 439 3518 ὓ256.
457 3451 493 3517 Α.
529 3450 879 3532 continuandorum
914 3450 1009 3515 πόλλ’
1036 3452 1153 3529 tonsae
1174 3470 1192 3514 a
1216 3468 1314 3515 coena
1341 3470 1376 3517 ae

188 3557 304 3644 recipit
332 3556 475 3622 dornunr.
524 3553 708 3620 absurdum
738 3562 823 3620 essct
852 3555 884 3618 in
910 3574 947 3620 ea
970 3575 1006 3622 ra
1030 3557 1205 3638 ἕμφαγοίν,
1227 3556 1281 3620 cui
1302 3574 1375 3621 con·

187 3663 327 3728 tranium
348 3672 396 3730 ast
421 3663 529 3729 ἕπίίειν
554 3662 585 3735 ἐς
610 3660 712 3743 ιιίρονε
737 3660 821 3747 quod
852 3679 951 3746 qurum
979 3669 1088 3726 noster
1114 3659 1220 3727 lacera
1247 3669 1376 3748 pararet

181 3769 222 3835 in
253 3768 435 3852 ἐμφαγοιμι
470 3775 527 3835 aut
550 3767 720 3833 llncrrnnon
750 3768 871 3832 erravit
894 3774 950 3835 aut
979 3765 1112 3833 scribae.
1144 3768 1220 3850 §2
1250 3768 1377 3835 ottono-

187 3897 276 3956 χαις
301 3875 397 3942 scrib.
425 3877 615 3956 οῖδοαεπχιῖν.
639 3911 684 3922 -
707 3875 801 3939 caiti:
828 3872 1006 3940 Hounnrcuu
1031 3895 1088 3960 pro
1111 3877 1184 3940 ἐκεῖ.
1208 3872 1282 3954 §in
1312 3882 1375 3950 ποῖα

184 3980 428 4060 οῖποπροπαίοιςε
464 3979 584 4047 excidit
605 3981 690 4052 ίεοῖς.
716 4018 758 4030 -
780 3980 832 4045 urei
865 3983 919 4045 οὐκ
953 3979 1116 4061 visignano:
1141 3981 1235 4045 cuius
1267 4001 1377 4067 preces

171 4084 410 4151 exaudiuntur
433 4085 548 4150 rnelius
577 4083 704 4150 dicetur
728 4088 982 4168 contraxeras,
1008 4105 1103 4171 quarn
1132 4089 1187 4151 οὐκ
1206 4088 1376 4167 οίςοχῆσαι.

130 4198 133 4205 ’
195 4236 198 4243 -
237 4189 340 4275 llpisr.
363 4195 416 4257 tt.
440 4193 485 4264 είς
507 4190 583 4272 μέρη
607 4189 816 4273 καπερραγίρε
855 4191 970 4256 melius
994 4210 1058 4255 uno
1084 4190 1179 4255 verbo
1208 4192 1376 4274 διερραγίς.

190 4293 261 4384 §2
297 4295 389 4369 λίίοις
413 4298 564 4378 ἑχριῖντοε
586 4297 668 4361 mire
698 4296 820 4361 dicturn
850 4317 907 4382 pro
927 4296 1087 4374 ἔβαλλον,
1108 4296 1211 4380 magis
1234 4298 1375 4372 mirum,

190 4399 350 4485 quomodo
381 4400 441 4469 hoc
469 4400 573 4467 facere
607 4403 779 4487 potuerint.
815 4399 895 4479 §5-
932 4402 1032 4478 ίμιρνε
1058 4399 1297 4466 Macedonicum
1322 4421 1379 4486 pro

194 4502 335 4588 aiv,.§l.
358 4509 434 4573 αλλ’
453 4512 507 4573 οὐκ
529 4507 563 4585 ἦν
586 4507 794 4587 Λακεδαίμων
817 4509 848 4573 ἐν
867 4505 886 4588 ᾗ
906 4508 994 4572 ταῦθ’
1012 4504 1178 4584 ὑπέμενον,
1196 4509 1273 4571 ἀλλ’
1290 4508 1379 4579 Ἀίῆ·

193 4634 243 4676 ναι
269 4611 320 4677 καὶ
347 4620 404 4679 τῶν
424 4616 566 4691 'Alienae
591 4615 748 4693 κυβευτῶν
776 4615 801 4679 οἱ
825 4610 1031 4690 ἐξαλέςαποιε
1058 4610 1161 4676 dicam
1187 4610 1263 4693 quid
1288 4611 1376 4674 Arci-
