3309 5750
810 626 874 689 100

246 835 294 900 θον
315 830 409 896 unioe
425 827 563 921 probum
582 836 645 904 est,
664 835 700 889 ut
717 819 804 913 apud
824 802 1086 885 Anrsrorntrmt
1105 817 1169 885 Ao.
1183 821 1261 885 497.
1283 819 1426 886 λωποδθ·

247 963 303 1015 της
323 935 411 1003 παίει
431 932 555 1015 ῥοποίλῳ
578 956 620 1010 με
644 930 679 994 τὸ
705 934 808 993 νῶτον.
858 923 972 991 Obiter
1000 925 1033 989 in
1055 924 1258 1012 lysa'strata
1280 948 1326 991 rs.
1352 928 1427 993 656.

892 1031 917 1095 εί
942 1029 1205 1106 libentissimi
1227 1054 1272 1108 με

380 1142 457 1225 τῷδέ
481 1144 514 1222 γ’
537 1140 672 1220 οῖφηκτῳ
695 1135 830 1214 πατοίξοι
854 1136 898 1217 τῷ
923 1133 1047 1217 κοθόρνῳ
1069 1135 1125 1209 τὴν
1148 1133 1274 1213 γνοίθον.

248 1249 464 1318 animadverte
495 1244 614 1335 duplex
642 1244 764 1309 vitium.
798 1267 837 1321 γε
858 1240 941 1306 nihil
961 1240 1118 1330 signifieat
1140 1252 1172 1305 et
1193 1240 1362 1306 soloeonm
1383 1252 1427 1307 est

246 1356 298 1423 όδε
317 1355 461 1437 οίψηκτος
489 1354 502 1417 ό
527 1352 671 1431 κόθορνος.
722 1348 839 1415 Omnia
859 1371 933 1413 sana
954 1358 1049 1412 erunt
1068 1346 1093 1411 si
1115 1369 1265 1436 repones:

402 1460 479 1540 τῷδε
501 1457 657 1536 τοῖψνίκτῳ
681 1455 815 1532 πατρίξῳ
841 1477 894 1518 σου
917 1452 1042 1534 κοθόρνῳ
1066 1451 1121 1525 την
1144 1452 1269 1529 γνσίθον.

248 1576 433 1658 comparato
459 1585 503 1629 rs.
524 1562 601 1626 360.
648 1556 712 1623 Sed
735 1558 775 1622 ad
796 1557 979 1625 Lucttnunt
997 1555 1112 1622 redeo:
1138 1555 1171 1619 in
1195 1556 1212 1640 §
1236 1557 1287 1621 14.
1314 1558 1424 1624 εἰδέναι

245 1668 327 1743 όπυς
360 1670 399 1734 θον
423 1667 464 1731 τόι
496 1666 639 1732 κόλλιςα
662 1663 792 1739 οἰκηθείη
816 1663 908 1735 πόλις
940 1674 1004 1727 tam
1034 1662 1145 1729 vitiose
1172 1659 1293 1727 dicitur
1324 1676 1361 1728 nt
1390 1664 1424 1728 τό

246 1775 367 1854 ἀγαθόν
386 1795 445 1864 pro
465 1766 509 1837 εὖ.
535 1791 681 1859 erpunge
701 1768 871 1835 articulum
890 1781 922 1834 et
945 1769 1095 1854 iternm§
1117 1770 1171 1833 30.
1195 1766 1225 1840 ές
1248 1791 1286 1833 τε
1308 1769 1424 1850 εῖρηνην

245 1878 299 1943 καί
329 1880 360 1951 ἐς
395 1878 532 1955 πόλεμον
566 1876 638 1963 [τα]
672 1874 767 1957 όιριςα
800 1874 1081 1955 παρεσκευασμένη
1110 1884 1142 1939 et
1167 1876 1299 1951 17,11.
1330 1874 1365 1950 ἣν
1393 1872 1424 1938 δέ

245 1982 400 2049 ποτεναὶ
429 1981 499 2070 [τό]
524 1979 619 2063 όιριςα
645 1980 777 2063 προίξης.
826 1979 865 2045 ln
891 1979 1065 2060 lsocnttts
1089 1981 1333 2070 Areopagitico
1353 1982 1371 2065 ς
1393 1984 1425 2045 3.

248 2088 302 2169 όριῖι
333 2086 396 2167 γόιρ
426 2088 485 2151 τόν
507 2085 628 2151 πόλεων
659 2084 719 2157 τοῖς
745 2083 840 2165 όιριςα
866 2084 1016 2165 προίστειν
1042 2084 1182 2164 οἰομένας
1205 2084 1277 2172 [τὰ]
1305 2083 1425 2154 κοίκιςα

243 2190 492 2271 βουλευομένας,
529 2190 651 2281 optime
678 2188 722 2255 τόο
757 2189 906 2256 Urbinas
935 2190 1062 2255 omittit
1110 2186 1148 2252 lu
1169 2192 1187 2274 §
1212 2193 1264 2256 19.
1288 2192 1345 2254 οὐκ
1368 2190 1422 2253 ε’ὦν

242 2295 439 2379 περιπέττειν
461 2297 496 2361 τό
518 2300 658 2377 προῖγμα
679 2298 710 2361 ἐν
731 2304 795 2367 τοῖς
819 2296 925 2373 λόγοις
956 2296 1066 2386 inepto
1091 2294 1236 2360 abundat
1257 2292 1422 2386 praeposi·

243 2402 300 2469 tio.
348 2400 602 2467 Anrsrornrnrs
628 2400 806 2466 diremtio
831 2400 933 2466 Pluto
959 2404 1032 2467 159.

443 2506 571 2584 όνόματι
596 2506 814 2587 περιπέττουσι
838 2505 895 2579 τέην
918 2504 1103 2585 μοχθηρίαν.

242 2633 340 2703 quem
362 2611 459 2679 multi
482 2611 598 2677 imitati
623 2623 708 2678 sunt.
755 2610 944 2676 Munlnnnn
969 2608 1083 2699 fragm.
1109 2612 1184 2676 106.
1208 2610 1356 2678 llum.

440 2717 514 2782 τότε
536 2716 597 2789 τόις
622 2724 778 2795 γυναῖκας
802 2715 931 2781 δεδιέναι
955 2714 1083 2794 μοίλιςα
1106 2715 1154 2779 δεῖ

440 2817 514 2886 όταν
538 2844 568 2886 τι
593 2819 801 2901 περιπίττῳσι
825 2827 890 2891 τοῖς
913 2826 1042 2900 χρηςοῖς
1066 2816 1185 2897 λόγοις.

240 2925 297 2992 ubi
318 2925 414 3015 rnlgo
433 2923 691 3006 περιπλοίττοσι,
719 2922 806 3014 quod
826 2923 910 2990 bene
930 2925 1065 2990 correxit
1084 2923 1280 2990 Satnnsrus.
1309 2924 1422 2991 l'mo

243 3031 285 3096 de
303 3029 447 3120 legibus
466 3030 504 3095 X.
524 3054 556 3120 p.
579 3032 650 3096 886
665 3048 694 3094 s.
717 3029 838 3107 λόγοισι
862 3031 888 3094 δ’
908 3025 941 3095 εὖ
966 3055 1030 3103 ποις
1055 3032 1098 3103 είς
1122 3032 1158 3096 τὸ
1186 3031 1311 3096 πιθανὸν
1334 3055 1422 3112 περι-

238 3136 444 3216 πεπεμμένα.
492 3134 686 3202 Suarissime
716 3134 899 3200 ΧλιιοΡιιοιι
922 3133 1090 3202 Οεσοκοικ.
1111 3133 1136 3200 l.
1157 3139 1212 3202 20.
1237 3136 1421 3218 προσποιού-

236 3261 330 3322 μεναι
363 3241 465 3318 ἡδοναί
500 3237 579 3306 εἶναι
609 3247 810 3323 καταφανεῖς
843 3240 1007 3319 γίγνονται
1038 3238 1084 3305 ότι
1114 3246 1215 3305 λῦπαι
1244 3240 1307 3323 όιρα
1336 3235 1417 3315 ἦσαν

236 3348 358 3422 ἡδοναῖς
383 3345 669 3426 περιπεπεμμέναι.
703 3356 739 3409 ut
765 3343 846 3410 nihil
868 3343 984 3411 horum
1005 3345 1276 3435 praepositionem
1298 3345 1418 3411 admit-

240 3450 299 3531 tit,
323 3452 368 3516 sio
385 3450 536 3519 Lucrino
557 3449 753 3534 περιπέττειν
776 3459 841 3523 τοῖς
865 3450 972 3531 λόγοις
998 3450 1242 3518 restituendum.

283 3555 326 3645 'ln
349 3560 366 3642 §
387 3561 439 3624 23.
465 3557 559 3640 κροίνη
583 3559 613 3622 δέ
638 3555 825 3635 ἐπικείμενοι
852 3555 1040 3634 παγγέλοια
1062 3554 1221 3636 κεχηνότα
1242 3555 1422 3635 παμμέγε-

239 3664 288 3736 θες
315 3662 426 3728 vitium
448 3663 530 3726 inest
550 3659 605 3726 sed
625 3659 724 3749 ipsius
746 3659 908 3737 Lucltrtt,
937 3659 994 3748 qui
1020 3669 1127 3724 tamen
1148 3660 1289 3725 excusari
1311 3670 1419 3750 potest

240 3769 393 3858 quoniam
422 3790 532 3832 omnes
559 3778 626 3831 tum
648 3765 691 3830 ita
712 3764 869 3831 errabant.
921 3764 1067 3845 Veteres,
1095 3766 1203 3857 quiin
1226 3766 1366 3832 dicendo
1385 3777 1419 3832 et

239 3885 388 3939 naturam
414 3896 522 3939 rerum
551 3870 655 3936 verbis
686 3871 869 3936 referebant
895 3884 927 3937 et
954 3874 1123 3940 verborum
1146 3896 1272 3941 sensnm
1294 3874 1418 3964 perspi-

240 3978 383 4055 ciebant,
407 3980 553 4045 solebant
572 3977 677 4042 dicere
696 3975 821 4060 aprinos,
844 3981 1115 4060 περικεφαλαίαν,
1136 3980 1285 4054 πιλίδιον,
1311 3980 1417 4062 ςέφα-

238 4108 301 4158 νον,
333 4073 538 4164 προσωπεῖον,
563 4079 689 4161 τιοίροιν,
716 4080 847 4159 similia,
866 4084 1069 4163 περιτιθέναι,
1098 4084 1306 4165 περιτίθεσθαι
1328 4085 1415 4150 etin

238 4189 383 4279 perlecto
402 4190 608 4268 περικεῖσθαι,
635 4186 746 4252 vitiosa
766 4188 951 4279 sequiorum
970 4191 1113 4266 συνήθεια
1143 4190 1249 4281 eoepit
1268 4189 1317 4256 his
1337 4191 1415 4256 snb·

238 4295 370 4361 stituere
391 4293 575 4367 ἐπιτιθέναι,
600 4293 789 4360 ἐπιτίθεσθαι
799 4343 810 4374 ,
833 4296 1018 4361 ἐπικεῖσθαι.
1055 4294 1221 4362 Atticistae
1241 4297 1413 4386 antiquum

239 4401 386 4466 obtinent
407 4411 439 4464 et
455 4400 648 4489 permiscent
666 4401 865 4491 antiquitatis
882 4414 1083 4467 constantem
1104 4424 1194 4468 usum
1211 4425 1284 4467 oum
1301 4423 1414 4468 reuen-

237 4507 319 4573 tiore
346 4507 549 4597 negligentia.
598 4505 781 4586 Locutus,
806 4509 917 4599 quiin
942 4507 1035 4589 κρόνη
1055 4510 1242 4589 ἐπικείμενοι
1262 4531 1337 4574 oum
1360 4533 1416 4575 ae-

240 4611 389 4702 qualibus
419 4623 522 4690 errat‚
548 4610 634 4678 idem
662 4612 695 4678 in
715 4635 749 4678 re
770 4611 884 4679 eadem
904 4624 991 4678 reete
1014 4612 1158 4680 imitatur
1175 4627 1297 4682 veteres
1319 4619 1337 4702 §
1359 4621 1414 4684 32.

239 4719 343 4785 ε’κείνα
376 4717 420 4784 τόν
454 4715 549 4799 κροίνη
575 4718 773 4800 περιθήσεσθε
801 4716 845 4783 τόν
876 4717 1048 4808 κεχηνότα,
1082 4732 1119 4788 ut
1146 4720 1181 4789 in
1211 4721 1312 4789 altero
1341 4723 1415 4790 loeo
