3309 5750
738 683 778 747 55

191 909 195 916 .
263 863 335 930 ταῖς
362 856 476 931 ὁπλαῖς
499 858 628 940 ὤρυττον
653 857 745 931 εὐνὰς
766 859 819 923 καὶ
846 865 1021 938 μετῇσαν
1051 855 1218 937 τρώματα,

166 963 267 1029 aliter
301 961 422 1027 dixisse
458 981 555 1049 quem
584 964 727 1030 solerent
759 961 931 1048 populares
961 960 1095 1026 omnes?
1141 958 1355 1025 bucirlentum

169 1077 220 1134 est
238 1067 381 1132 scholion
404 1069 437 1132 in
461 1070 637 1147 Perseum,
662 1068 747 1155 quod
770 1069 902 1133 Pemros
924 1085 1000 1131 cum
1024 1063 1135 1131 mullis
1154 1063 1224 1130 aliis
1245 1065 1277 1128 in
1302 1063 1357 1129 Le·

172 1173 238 1237 xici
263 1173 314 1237 sui
334 1171 528 1257 larraginem
554 1176 691 1261 recepit,
717 1174 802 1240 unde
822 1173 959 1259 sublegit
978 1170 1107 1237 Surcxs:
1131 1167 1190 1252 ᾗαι
1208 1166 1356 1235 oraverat·

170 1301 255 1379 βας,
278 1300 314 1365 τὸ
348 1299 556 1382 ἐπορευόμην,
578 1298 632 1363 σὺν
655 1301 696 1381 τῷ
723 1326 732 1366 ι
756 1297 935 1382 γράφεται,
968 1301 994 1365 οἱ
1016 1303 1092 1377 γοῦν
1107 1301 1210 1372 Ἴωνες
1231 1297 1283 1373 ἤϊα
1307 1294 1356 1360 λὲ·

170 1427 262 1484 γουσι
287 1405 339 1469 καὶ
374 1407 466 1481 ἤϊσαν
493 1403 528 1469 rb
552 1401 629 1485 boae
659 1407 711 1471 uei
739 1405 824 1487 παρα
845 1405 1010 1488 Θουκυδίδῃ
1042 1399 1136 1478 οὗτος
1164 1399 1356 1480 &exercete

170 1507 229 1575 ὅτι
257 1507 504 1589 ἀκμάζοντές
525 1532 568 1572 τε
595 1505 689 1590 ἦσαν
711 1510 747 1585 ἐς
777 1507 915 1588 αὐτον,
939 1511 965 1576 οἱ
988 1509 1020 1576 δὲ
1039 1511 1143 1584 Ἴωνες
1178 1509 1283 1586 sitam
1307 1501 1358 1570 καὶ

171 1612 266 1689 ἤισαν
315 1611 450 1700 (vitiose.
496 1610 587 1678 lones
620 1622 744 1681 tanturn
786 1618 878 1692 ἤϊσαν
920 1613 1093 1705 dicebant).
1152 1606 1359 1695 'epicopatus

175 1716 354 1782 Ὀλκοὶσιν·
1276 1715 1279 1740 ³
1351 1723 1353 1728 '

423 1821 512 1890 Ἐπεὶ
535 1825 563 1890 δ’
584 1825 735 1906 ἕγενόμνν
758 1821 843 1908 οἷπερ
867 1823 896 1908 ξ’
919 1825 970 1892 ἐπὶ
994 1826 1087 1904 ξύλα.

218 1922 308 2007 Qtrod
340 1923 447 1993 autem
468 1928 533 1996 dixi
557 1929 705 1997 codicum
736 1923 914 2017 scripturas
938 1929 1020 1997 banc
1046 1930 1225 2016 analogiam
1243 1925 1361 1995 conbe-

169 2050 259 2100 mare
283 2031 327 2095 ite
360 2029 451 2100 dico:
485 2053 716 2122 saepenumero
749 2035 896 2113 librarii,
927 2037 982 2122 qui
1007 2060 1015 2102 ι
1043 2035 1242 2121 adscriptum
1264 2031 1362 2118 trogli-

169 2156 247 2225 gere
267 2142 431 2214 solebant,
456 2136 558 2217 ἦσαν,
590 2149 756 2224 παρῆσαν,
786 2139 988 2222 νταρεξνῖσαν,
1014 2141 1170 2219 ἐπεξῇσαν
1188 2148 1220 2204 cl
1242 2135 1362 2206 similia

168 2250 395 2324 retinuerunt,
415 2243 493 2329 quia
516 2265 569 2311 eas
589 2246 709 2312 lormas
728 2246 766 2311 all
785 2241 862 2311 εἶναι
884 2243 1081 2326 referebant,
1105 2264 1300 2334 quamquam
1322 2242 1362 2309 ed

167 2353 248 2421 ἳὲναι
278 2373 349 2421 esse
371 2347 556 2416 referendas
578 2352 696 2437 passim
723 2351 894 2436 diligenter
917 2351 1100 2439 inspicienti
1125 2349 1292 2418 constabit.
1328 2347 1363 2415 Si

171 2459 224 2525 bis
254 2457 368 2524 locist
404 2453 566 2520 addideris
597 2455 725 2521 habebis
757 2457 929 2521 Atticorum
964 2477 1116 2530 mnnrnn:
1140 2457 1166 2521 si
1197 2459 1290 2538 ᾔεσαν
1314 2474 1365 2520 re-

168 2585 289 2653 ponem
325 2559 410 2649 qued
442 2558 613 2624 nonnullos
648 2557 753 2627 secere
786 2560 899 2637 video,
938 2559 1072 2626 Αιιίοιιιιι
1099 2559 1272 2624 dialectum
1297 2579 1363 2624 cor-

170 2684 324 2756 rumpcs,
349 2665 381 2731 id
401 2662 485 2750 quod
502 2663 627 2730 scribae
642 2663 763 2732 dudum
777 2665 946 2741 iecissent,
963 2667 1024 2730 nisi
1047 2685 1100 2730 cos
1113 2663 1195 2730 alius
1208 2663 1365 2750 opinionis

170 2793 265 2842 error
299 2771 498 2839 retinuisset.
556 2770 649 2856 Apud
678 2770 904 2837 Dxnosrnsusu
932 2769 1040 2836 editur
1076 2769 1238 2858 inprime
1269 2766 1364 2854 Olpe-

172 2880 278 2946 tbc'eca
311 2899 342 2965 p.
364 2884 426 2944 11:
446 2904 449 2909 ·
466 2871 507 2941 ἔθ’
539 2876 651 2956 ἥκομεν
683 2878 856 2957 Εὐβοεῦσιν
879 2873 1106 2957 βεβοηθηκότες
1136 2878 1187 2943 καὶ
1222 2885 1364 2958 παρῆσαν

170 2988 414 3070 Ἀμφιπολιτῶν
445 2979 545 3063 Ἱέραξ
571 2984 624 3049 καὶ
653 2993 855 3067 Στρατοκλῆς
876 2983 927 3051 ἔτ)
952 2982 1036 3049 τουτὶ
1061 2985 1095 3049 τὸ
1120 2980 1237 3063 βῆμα,
1263 2981 1364 3048 inani·

169 3091 255 3158 festo
284 3107 401 3156 errore.
436 3087 585 3153 Graccum
612 3098 661 3155 cst
679 3084 884 3172 ἄνἀβαίνειν,
907 3089 1066 3171 βαδίζειν,
1087 3089 1227 3173 παριέναι
1255 3086 1305 3154 ἐπὶ
1330 3088 1364 3155 το

171 3195 268 3277 βῆμα
287 3195 480 3270 eiecticiae
496 3194 546 3260 ἐπὶ
571 3200 624 3260 τοῦ
641 3194 787 3276 βήματος
802 3196 1000 3264 [insomnio
1025 3192 1200 3283 Olpnrpr'od.
1218 3216 1248 3281 p.
1268 3197 1363 3260 ¹176:

170 3302 277 3367 Amsr.
314 3301 348 3365 ιἰσ
374 3298 469 3363 Pluto
491 3302 576 3365 582:
609 3301 634 3365 ol
658 3303 709 3367 ἐπὶ
741 3306 795 3366 τοῦ
832 3302 978 3380 βήματος
1010 3300 1116 3377 λόγοι,
1147 3300 1301 3366 Deuosrn.
1328 3300 1366 3364 dc

171 3402 331 3493 sommo.
360 3423 390 3491 p.
420 3407 505 3469 189:
539 3422 602 3468 non
632 3413 766 3490 possunt
798 3403 878 3470 baec
911 3405 1106 3490 permutari:
1140 3403 1217 3489 qnid
1241 3403 1365 3469 multa?

170 3519 316 3594 παρῇσαν
340 3518 389 3576 est
422 3506 653 3595 reponendum.
700 3506 821 3573 Eadem
848 3506 1008 3573 medicina
1038 3508 1117 3572 locis
1142 3508 1369 3593 complusculis

172 3615 380 3693 Teucrnrnrs,
416 3613 627 3680 Xenoneonrrs
657 3621 688 3679 et
722 3613 859 3678 aliorum
891 3608 1067 3678 lectitanda
1100 3618 1158 3678 est.
1200 3610 1280 3677 'Vidi
1310 3632 1367 3679 nu·

171 3721 314 3808 pemime
338 3720 394 3807 qui
417 3720 451 3786 in
472 3719 683 3785 Xenoeuouns
707 3716 879 3783 Hellenieis
918 3716 956 3784 ll.
983 3727 1010 3784 1.
1035 3721 1094 3795 18,
1129 3716 1305 3801 Λύσανδρος
1333 3717 1368 3800 ἐξ

172 3826 312 3906 Ἀβύδου
335 3825 490 3908 παρέπλει
513 3824 566 3890 καὶ
586 3825 612 3890 ol
631 3823 723 3890 ἄλλοι
744 3830 924 3906 παρῆσαν
949 3822 1043 3907 πεζῇ,
1066 3833 1234 3912 reponeret
1254 3829 1367 3913 nappis·

170 3949 243 3998 σαν.
290 3930 439 3997 Perileiet
458 3928 732 4006 emendationem,
752 3928 809 4015 qni
831 3942 973 4014 παρῇσαν
994 3929 1091 3996 dabit.
1128 3929 1265 3997 Librarii
1290 3931 1367 3999 ditm

172 4034 285 4101 sedulo
316 4034 437 4101 formas
467 4034 527 4100 eibi
557 4034 729 4100 inauditas¹
750 4034 948 4121 expellebant
973 4044 1005 4102 ct
1029 4034 1106 4118 bono
1135 4038 1202 4103 sive
1236 4036 1314 4115 ἦσαν
1335 4042 1368 4105 in

172 4143 270 4224 ᾔεσαν
291 4139 504 4226 mingebant,
529 4158 769 4226 nonnumquam
795 4141 1019 4228 imperfectum
1032 4144 1159 4219 ἀπῆσαν
1179 4151 1298 4210 temere
1318 4166 1367 4211 ar·

172 4244 347 4332 ripuerunt
367 4254 400 4313 et
422 4246 586 4332 pervim,
617 4245 671 4311 ubi
696 4245 823 4310 oberant
849 4248 1049 4333 requiritur,
1074 4247 1231 4313 dederunt
1252 4250 1366 4319 olricrc.

172 4351 231 4417 Bre-
253 4349 314 4415 hoc
341 4351 374 4416 in
400 4351 573 4416 Taucxnmc
597 4349 804 4437 deprehendi.
846 4351 898 4416 Ν.
919 4357 983 4429 59,
1008 4352 1074 4434 περὶ
1099 4352 1209 4435 εἴκοσιν
1233 4354 1367 4437 ἡμέρας,

173 4457 204 4521 ἕν
227 4450 279 4530 αἷς
302 4456 328 4520 οἱ
360 4455 507 4537 πρεσβεις
527 4457 594 4537 περὶ
616 4462 675 4521 τῶν
705 4457 838 4521 σπονδῶν
865 4457 1062 4540 ἀπῄεσαν,
1087 4456 1259 4524 iocularcm
1284 4482 1370 4527 erro·

174 4580 245 4628 rem
266 4560 377 4638 vilice,
398 4569 430 4627 el
450 4563 579 4648 turpius
603 4563 700 4628 eliam
720 4582 788 4650 cap.
804 4565 864 4626 lb:
883 4563 914 4625 ἕν
934 4562 1093 4647 Λευκαδίᾳ
1115 4566 1291 4647 deprecer
1316 4571 1370 4633 αὐ·

175 4665 454 4733 mensurantem
486 4668 616 4751 φρουροί.
665 4668 701 4734 ln
726 4669 937 4734 anonnoxms
962 4667 1100 4734 Anobesi
1123 4667 1178 4733 lll.
1202 4675 1232 4734 4.
1259 4674 1319 4748 bi,
1342 4673 1372 4738 el

178 4796 237 4841 που
265 4772 324 4842 δέοι
354 4797 384 4840 τι
408 4781 464 4848 τῆς
488 4771 664 4856 φάλαγγος
695 4768 939 4854 ἐσιταρῆσαν
965 4768 1074 4855 οὔνομ’
1098 4773 1304 4860 perticipium
1338 4776 1371 4844 in
