3309 5750
794 658 860 720 276

244 858 312 926 ἐπό.
351 857 410 932 40,
431 856 483 917 22.
516 859 581 924 τοῖς
604 851 656 917 ὑπ’
683 852 758 931 ἐμοῦ
781 851 964 933 εἰρημένοις,
999 852 1054 918 alii
1080 856 1139 920 ἐπ’
1163 856 1243 934 ἐμοῦ
1274 858 1421 946 pessime.

245 970 304 1043 41,
324 964 379 1026 60.
403 954 507 1038 χωλός
521 954 585 1019 οέπὸ
602 956 656 1017 τοῦ
675 952 876 1034 τραύματος,
900 952 956 1017 ulii
977 967 1063 1021 recte
1083 956 1152 1022 ὑπό.
1189 960 1253 1037 52,
1276 962 1337 1026 29.
1361 962 1418 1026 οέπό

242 1079 297 1145 ,ἧς
317 1068 438 1147 τύχης,
464 1070 551 1125 recte
569 1059 755 1125 Ferrzscue
783 1057 853 1123 ὑπό.
886 1060 944 1137 61,
964 1064 1014 1125 13.
1042 1058 1142 1140 ὥσπερ
1166 1063 1235 1127 οέπό
1260 1062 1416 1143 scyrosi

242 1179 383 1252 Σειρῆνος
399 1165 581 1243 ἑλκόμενος,
602 1186 720 1254 repone
740 1163 809 1229 ὑπό.
835 1161 913 1229 ibid.
936 1166 954 1249 §
977 1168 1028 1232 19.
1048 1166 1151 1231 λίόινοι
1168 1168 1344 1247 ἐγίγνοντο
1359 1172 1416 1236 uixi

241 1278 419 1356 θαύματος,
446 1269 538 1336 scrib.
560 1270 618 1333 ὑπό
645 1269 816 1347 έαιίμαπος.
854 1273 914 1349 62,
939 1275 978 1336 15
999 1283 1033 1336 et
1059 1275 1108 1336 16.
1131 1273 1196 1337 ἀπὸ
1222 1275 1357 1340 Σκυθῶν
1376 1314 1415 1326 -

239 1383 303 1448 ἀπὸ
325 1378 452 1458 Πόρέων
472 1375 520 1440 bis
539 1373 674 1440 emenda
695 1374 754 1439 ὑπό
761 1424 769 1448 ,
792 1385 825 1439 et
844 1379 863 1462 §
881 1379 933 1442 25.
952 1377 1138 1455 ἀποπνιγεὶς
1159 1378 1220 1441 ὑπὸ
1240 1385 1302 1443 τοῦ
1320 1380 1413 1459 γέλω-

239 1509 306 1569 τος,
332 1478 410 1549 God.
430 1478 464 1543 F.
485 1479 559 1544 οέπό.
594 1483 648 1559 67,
667 1482 702 1556 9,
723 1483 753 1545 3.
777 1480 930 1558 ἐκλόομαι
951 1482 1009 1546 ὑπό
1026 1489 1082 1555 τῆς
1102 1481 1255 1563 ἀπορίας,
1280 1481 1364 1551 cod.
1383 1485 1412 1551 li.

239 1589 314 1654 οέπό.
349 1589 409 1665 71,
433 1589 484 1652 11.
508 1586 566 1651 ὑπό
591 1590 650 1649 τῶν
675 1584 824 1667 γραφέων
847 1586 1021 1665 δείκνυται,
1045 1584 1288 1663 (106.Ἰ).οέπό,
1322 1602 1355 1657 et
1374 1590 1412 1657 sic

239 1692 318 1758 alibi
332 1713 482 1782 persaepe
496 1688 619 1757 ridebis
633 1689 751 1755 scribas
762 1689 796 1754 in
813 1711 848 1755 re
866 1690 1032 1756 manifesta
1047 1691 1283 1774 caecutientes,
1302 1718 1411 1786 quam·

240 1800 349 1864 obrem
370 1797 395 1862 si
418 1793 548 1885 quando
565 1796 630 1860 από
647 1819 705 1886 pro
730 1795 789 1861 ὑπό
808 1796 962 1885 scriptum
982 1796 1121 1875 ridebis,
1149 1798 1239 1887 qnod
1259 1799 1411 1892 frequen·

240 1901 359 1967 tissime
387 1901 457 1965 fieri
488 1899 586 1978 solet,
618 1912 673 1964 aut
701 1911 811 1966 contra
841 1899 942 1991 (quod
974 1902 1073 1967 rarius
1096 1903 1157 1990 est)
1190 1904 1252 1969 ὑπό
1271 1907 1412 1995 ρτοκοέπό

143 2030 146 2034 ·
240 2006 467 2085 substitutum,
501 2006 567 2071 noli
594 2005 772 2072 existimare
807 2006 909 2072 bonos
941 2009 1111 2099 scriptores
1139 2011 1250 2075 nescio
1281 2036 1343 2103 qna
1370 2011 1411 2080 de

240 2133 332 2178 causa
354 2111 574 2202 pervulgatam
594 2111 722 2177 dicendi
741 2112 824 2178 viam
844 2111 1008 2194 deserere,
1027 2114 1080 2179 sed
1102 2114 1283 2184 scribarum
1302 2118 1410 2184 levita·

242 2230 304 2284 tem
325 2230 357 2283 et
377 2216 576 2283 oscitantiam
596 2216 722 2305 castiga.
770 2215 808 2281 In
830 2216 1012 2286 Hsuouoro
1031 2219 1086 2287 lv,
1106 2223 1160 2287 78.
1184 2223 1259 2302 πρὸς
1276 2224 1410 2290 τόνἘλ·

240 2325 352 2401 λννικόι
375 2329 499 2404 μαλλον
523 2323 738 2404 τετραμμένος
763 2318 798 2397 ἦν
823 2324 887 2389 ἀπὸ
911 2325 1089 2398 παιδεύσιος
1109 2333 1166 2399 τῆς
1190 2328 1410 2404 ἐπεπαίδευτο,

240 2429 307 2495 αἱπό
334 2452 462 2520 prorsus
488 2426 683 2493 contrarium
704 2426 861 2518 significat
881 2451 977 2517 quam
998 2428 1201 2497 Hnuonorus
1220 2431 1322 2513 dicit,
1344 2457 1411 2500 cor·

240 2536 308 2627 rige
331 2536 401 2604 ὑπό.
438 2534 476 2601 V.
498 2538 526 2600 2.
551 2534 593 2599 τόν
619 2534 676 2612 μὲν
701 2534 736 2608 δὴ
758 2525 821 2599 ἀπὸ
845 2534 981 2599 Παιόνων
1000 2534 1142 2615 πρότερον
1161 2537 1323 2616 γενόμενα
1343 2562 1411 2630 pes·

241 2642 319 2707 sime
346 2664 406 2732 pru
427 2638 496 2705 ὑπό.
541 2636 632 2703 [dem
662 2637 774 2704 vitium
803 2638 938 2704 recurrit
965 2638 1017 2705 VI.
1038 2642 1092 2707 98.
1115 2640 1158 2706 τόν
1181 2643 1241 2721 μὲν
1264 2645 1333 2709 ent
1356 2633 1411 2709 τῶν

241 2752 364 2829 Περσῶν
387 2744 543 2824 γενόμενα
570 2743 613 2807 rat
636 2743 667 2807 δέ
693 2743 750 2807 ἀπ’
771 2745 873 2807 αὐτῶν
897 2750 956 2808 τῶν
981 2745 1170 2827 κορυφαίων,
1203 2746 1253 2812 bis
1282 2749 1413 2817 emenda

241 2851 311 2917 ὑπό.
361 2849 446 2917 Num
468 2848 540 2941 quis
562 2848 648 2914 enim
668 2847 825 2915 existimet
846 2848 928 2915 bene
948 2849 1012 2916 dici
1031 2875 1123 2942 posse
1142 2851 1206 2918 ἐπὸ
1225 2859 1288 2919 τῶν
1307 2856 1412 2939 οἶνόρό-

241 2981 305 3020 πων
334 2957 466 3034 λέγεται
499 2967 554 3021 aut
581 2955 645 3019 αὶπό
674 2955 732 3033 μέν
755 2960 814 3019 πῶν
838 2956 1014 3021 ἐπαινεῖται
1043 2958 1106 3022 οίπό
1133 2958 1164 3024 δέ
1189 2964 1250 3022 πῶν
1274 2959 1412 3040 ψέγεται

240 3081 300 3151 pru
319 3060 402 3124 ὑπόέ
428 3083 523 3126 nemo
542 3058 661 3124 hercle.
711 3057 793 3124 Cum
812 3059 942 3148 passivis
963 3059 1048 3125 enim
1071 3060 1130 3127 ὑπό
1149 3061 1314 3152 iungitur,
1334 3087 1412 3133 non·

242 3187 418 3256 numquam
448 3164 520 3246 πρός
550 3163 602 3229 sel
622 3164 657 3227 ἐκ
677 3163 727 3229 rel
749 3163 837 3244 παροί
858 3188 955 3238 τινος,
983 3186 1158 3256 numquam
1177 3168 1253 3250 οὶπό.
1305 3166 1415 3261 Itsqne

242 3294 342 3364 quum
363 3276 437 3337 ποιῶ
458 3273 548 3334 τοῦτο
569 3268 684 3333 habeat
705 3268 865 3358 passivum
885 3275 976 3336 τοῦτο
995 3270 1143 3350 γίγνεται
1163 3271 1216 3336 ὑπ’
1237 3273 1316 3351 ἐμοῦ
1338 3278 1414 3366 (nun

240 3376 389 3465 ποιεῖται)
421 3388 452 3441 et
477 3369 527 3448 εὖ,
558 3381 660 3447 κακῶς
683 3380 757 3439 ποιῶ
781 3376 837 3448 τὴν
858 3373 948 3441 πόλιν
978 3397 1042 3441 non
1064 3374 1159 3439 aliam
1178 3373 1297 3444 babeat
1315 3383 1414 3470 passi·

241 3506 312 3550 vam
335 3483 472 3549 formam
497 3488 594 3573 quam
616 3484 632 3556 ἡ
654 3480 745 3552 πόλις
770 3482 824 3547 ὑπ’
843 3483 919 3559 ἐμοῦ
944 3477 994 3566 εὖ,
1024 3487 1127 3554 κακῶς
1150 3481 1274 3563 ποίοχει
1308 3488 1415 3574 (num.

241 3610 339 3678 quam
366 3590 536 3675 ποιεῖται),
569 3586 713 3676 sequitur
742 3585 803 3650 ὑπό
830 3585 864 3650 in
894 3584 943 3652 bis
972 3608 1036 3652 non
1066 3586 1171 3652 minus
1199 3611 1266 3655 esse
1292 3607 1415 3662 certum

241 3717 339 3783 quam
359 3693 391 3757 in
413 3692 485 3758 illis.
519 3691 580 3757 Pro
599 3694 624 3757 οἱ
648 3691 818 3770 σύμμαχοι
840 3691 985 3769 λέγουσιν
1004 3692 1037 3756 in
1055 3714 1114 3756 usu
1134 3706 1181 3758 est
1200 3695 1286 3784 apud
1306 3723 1415 3767 omnes

241 3798 405 3864 notissima
428 3796 640 3888 periphrasis,
664 3816 761 3884 quarn
785 3807 932 3861 sexcenta
953 3797 1048 3862 verba
1067 3797 1258 3881 admittunt,
1282 3806 1310 3870 oi
1335 3807 1415 3886 τόμ-

240 3926 343 3982 μαχοι
368 3900 482 3979 λόγους
504 3906 677 3977 ποιοῦνται,
703 3900 793 3965 cuius
811 3901 933 3989 passiva
955 3901 1057 3968 forma
1079 3915 1125 3969 est
1145 3904 1233 3984 λόγοι
1249 3906 1414 3987 γίγνονται

240 4005 299 4068 ὑπό
328 4010 387 4068 τῶν
410 4005 608 4084 ουμμιίχων,
642 4025 707 4067 nun
725 4003 807 4076 airo',
838 4005 895 4094 qui
916 4007 1115 4096 turpissimus
1140 4008 1348 4081 soloecismus
1369 4028 1414 4082 est

239 4119 272 4174 et
293 4106 412 4196 ubique
433 4107 541 4173 insitis
562 4106 652 4172 libris
672 4107 898 4176 exturbandus.
947 4110 1212 4183 HuuueuroVH.
1226 4119 1300 4187 164.
1319 4120 1417 4190 redde

238 4213 299 4277 ὑπὸ
318 4212 527 4288 δικαιοσύνης,
550 4235 610 4303 pru
629 4211 704 4278 οὶπό.
738 4213 931 4282 Teucrutut
950 4216 975 4285 1.
999 4224 1049 4286 17.
1070 4221 1212 4304 ἐπρόχόν
1233 4225 1293 4288 ἀπ’
1312 4231 1414 4292 αὐτῶν

239 4316 323 4381 οὐδέν
353 4338 472 4405 repone
501 4318 553 4382 ὑπ’
576 4320 689 4384 αὐτῶν.
722 4317 780 4386 111.
801 4324 854 4388 36.
878 4330 1002 4404 γνῶμαι
1029 4328 1090 4410 ἐφ’
1118 4326 1237 4395 ἐκοίτων
1264 4331 1411 4411 ἐλέγοντο

239 4420 599 4504 οοεῑίλαοὺφῗέκιίςων.
635 4421 768 4492 lites.
800 4428 844 4492 τόν
873 4430 937 4494 οὶπὸ
962 4437 1021 4494 τῶν
1056 4431 1199 4502 ἐναντίων
1230 4433 1411 4516 λεγόμενα,

239 4527 341 4593 scribe
370 4524 439 4591 ὑπό.
476 4526 602 4593 1V.76.
632 4528 698 4593 οὲπό
719 4555 807 4596 τινων
831 4533 944 4612 ἀνδρῶν
968 4532 1141 4614 ε’προίσσεπο
1172 4535 1242 4625 lege
1270 4538 1350 4615 ὑπό,
1383 4552 1414 4606 et

242 4638 316 4720 115.
341 4632 398 4698 ὑπό
414 4632 473 4696 τῶν
488 4632 631 4697 ἐναντίων
646 4655 705 4723 pro
725 4635 800 4700 ιέπό.
824 4633 981 4701 Similiter
1000 4638 1135 4704 emenda
1151 4641 1290 4708 eundem
1309 4643 1349 4711 V.
1363 4649 1412 4712 17.

238 4735 498 4820 προεπανεσείοόν
533 4736 595 4802 απὸ
621 4743 680 4805 πῶν
705 4739 970 4819 Λακεδαιμονίων.
1008 4740 1133 4812 1128.
1164 4747 1318 4825 μηνύεται
1347 4751 1411 4817 οὲπό
