3309 5750
877 651 942 719 ³18

324 848 538 926 'nundinetur
558 846 732 918 οἰπιόντων,
758 845 876 936 duplex
895 845 929 910 in
946 844 1100 911 cinximus
1122 845 1238 914 vitium
1261 859 1314 914 est
1334 850 1504 921 scribarum

325 955 460 1020 ultorum
473 1002 481 1029 ,
496 952 641 1016 ultorum
663 951 825 1030 Lucxxnl,
850 950 906 1040 qui
924 949 1068 1016 ἀνιόντων
1088 949 1222 1018 dederat
1233 983 1245 1031 ,¹
1266 975 1380 1044 quum
1400 959 1504 1025 οἰνιόντι

325 1043 458 1126 deberet
491 1070 522 1121 et
555 1080 646 1147 saepe
676 1055 796 1122 chordo
832 1057 959 1121 oberret
989 1055 1120 1123 eadem·
1167 1058 1306 1126 Veteres
1336 1062 1503 1151 genitivum

324 1177 469 1258 ponunt,
503 1162 559 1227 ubi
579 1163 730 1252 temporis
752 1162 890 1252 spatium
912 1160 1094 1250 significent
1112 1163 1191 1229 dnm
1210 1166 1307 1253 quid
1309 1167 1410 1253 fiat,
1434 1167 1504 1233 defi.

325 1296 382 1339 νινε
410 1269 531 1337 indicat
560 1268 658 1333 situm
687 1267 843 1333 locorum.
893 1267 969 1350 Quis
991 1267 1100 1333 credat
1118 1268 1151 1333 in
1173 1268 1389 1358 Teucrum}
1410 1272 1446 1352 l,
1470 1278 1502 1339 12

324 1378 381 1443 ubi
409 1376 526 1467 legitur
555 1374 747 1453 Ἐπίδαμνός
773 1375 818 1441 ἔτι
849 1374 940 1445 πόλις
966 1374 997 1436 ἐν
1026 1372 1114 1456 δεξιᾷ
1136 1375 1307 1440 ἐσπλέοντι
1333 1377 1392 1442 τὸν
1414 1378 1501 1443 Ἰόνιον

325 1484 460 1557 κόλπον,
491 1480 532 1546 ab
551 1502 628 1545 seno
650 1478 779 1545 lromine
801 1478 898 1544 scribi
919 1478 1061 1568 potuisse
1079 1479 1296 1554 ἐσπλέοντοςί
1349 1481 1502 1567 Quemad-

325 1588 458 1654 modum
488 1587 574 1653 euim
603 1585 722 1651 dicitur
746 1583 972 1666 περιπλώοντες
995 1585 1051 1658 τῆν
1075 1584 1200 1661 Λιβύην
1222 1586 1278 1651 τὸν
1305 1586 1397 1664 ἥλιον
1419 1587 1499 1669 ἔσχον

325 1696 356 1765 ἐς
382 1692 425 1756 τόν
450 1691 537 1769 δεξιοί
564 1690 708 1777 (Heliou.
731 1688 788 1756 lv,
813 1691 890 1777 42),
905 1700 938 1752 et
954 1687 1041 1778 apud
1059 1687 1239 1754 Centrum
1258 1691 1294 1755 ἐν
1321 1693 1498 1759 Ὀδυσσεῦσι

324 1798 436 1886 fragm.
461 1795 519 1862 Ill.
1037 1790 1044 1798 ’

361 1904 411 1967 ἐπ’
435 1901 550 1982 οὐριςὲρ’
572 1900 621 1965 αἐἰ
646 1903 700 1976 τῆν
724 1899 837 1980 οἰρατον
860 1897 942 1979 ἔχων
965 1897 1158 1977 λύμπονσαν
1181 1896 1238 1972 ἕως
1264 1898 1308 1965 ἂν
1332 1902 1462 1985 ε’φεύρρο

328 2018 361 2072 et
389 2006 508 2095 passim
538 2006 634 2084 olibi,
668 2007 714 2070 sic
746 2004 918 2071 dicendum
950 2003 1142 2079 estildtune
1175 2006 1240 2075 ε’ςίν
1274 2009 1308 2072 ἐν
1332 2006 1415 2090 δεξιᾷ
1436 2015 1496 2079 τοῖς

326 2113 382 2185 τῆν
405 2109 528 2188 Λιβύην
563 2111 796 2191 περιπλέονοιν,
828 2107 1099 2198 quemadmodum
1131 2109 1310 2176 sexcenties
1338 2110 1423 2202 opud
1448 2132 1498 2177 re·

329 2228 410 2280 teres
442 2215 557 2305 passim
589 2214 621 2277 in
654 2236 689 2278 ea
718 2236 750 2278 re
784 2212 884 2278 dativi
917 2213 1077 2303 leguntur.
1140 2211 1319 2304 Sequiorcs
1349 2216 1411 2282 soli
1434 2237 1495 2307 pec

329 2333 420 2385 cunt:
451 2341 694 2410 nonnumquam
723 2318 1039 2385 Prusrnnsenavit
1058 2330 1091 2383 et
1109 2317 1174 2385 elii.
1226 2319 1368 2411 Saepius
1387 2322 1496 2389 Lucu·

326 2445 406 2506 nde,
443 2430 498 2504 13,
531 2429 552 2490 8
586 2426 737 2490 εἰσιόντων
767 2426 798 2489 δὲ
829 2430 938 2505 πρῶτα
967 2426 1024 2502 μὲν
1058 2426 1187 2494 οἰκοῦσιν
1218 2426 1417 2508 αἰνὯραι,
1446 2431 1496 2504 62,

327 2536 369 2600 18
405 2533 475 2604 τούς
509 2531 565 2598 μὲν
593 2529 658 2593 ἐ’πί
700 2529 743 2593 τόν
785 2528 872 2605 δεξιόν
912 2527 1065 2594 εἰσιόντων
1104 2527 1201 2610 οἰφες.
1237 2532 1299 2609 68,
1334 2537 1381 2597 35
1412 2532 1495 2606 ςύδιοι

325 2637 437 2702 εἰκοσιν
475 2638 537 2701 οἰπύ
563 2644 619 2710 τῆς
646 2633 830 2712 Ὀλνμπίας
862 2634 947 2697 κατόν
971 2634 1022 2697 τόν
1043 2632 1231 2721 ἱππόδρομον
1253 2636 1417 2705 οἰπιύντων
1435 2639 1495 2720 πρύο

326 2740 381 2815 ἕω,
411 2753 442 2806 et
472 2745 531 2820 71,
555 2748 576 2809 8
603 2743 633 2805 ἐν
659 2738 746 2821 δεξιρί
767 2738 824 2815 μὲν
850 2736 1002 2802 εἰσιόντων
1025 2739 1063 2801 ἀἰ
1093 2747 1242 2815 γυναῖκες
1274 2742 1328 2806 τὸν
1361 2752 1498 2825 κλιντῆρα

326 2846 504 2928 ἐπέλαβον,
536 2858 568 2911 et
598 2849 660 2922 73,
696 2844 710 2906 1
748 2842 835 2907 κατόν
864 2842 919 2915 τῆν
946 2842 1106 2916 ςοόιντῆν
1137 2836 1276 2911 ε’ντεύόεν
1305 2846 1449 2926 ἐξιόντων
1473 2851 1497 2914 ἕν

327 2953 466 3033 οἰριςερρῐ.
501 2974 583 3041 quac
603 2948 709 3015 omnio
730 2947 864 3037 perinde
885 2949 998 3014 vitioso
1020 2961 1101 3016 sunt.
1121 2955 1181 3025 25,
1209 2955 1251 3017 13
1271 2951 1323 3026 οὓς
1349 2957 1497 3036 μισεῖσθαι

325 3055 430 3124 καλῶς
462 3052 568 3136 εἶχεν,
604 3054 648 3120 sic
677 3054 859 3143 sequiores,
894 3066 928 3118 ut
950 3055 1087 3120 Romani
1107 3056 1232 3136 solent,
1257 3065 1499 3150 νοῑοῐοοξμισείι

329 3154 488 3223 dixissent.
510 3165 526 3247 §
549 3163 601 3224 16.
622 3159 678 3249 qui
698 3158 803 3239 πείρῆν
825 3159 985 3227 scribebat
1005 3160 1134 3241 lonico,
1157 3186 1222 3228 nou
1242 3178 1312 3235 erar
1335 3167 1501 3244 admodum

328 3261 457 3331 lonicae
485 3265 613 3330 dialecti
640 3287 768 3355 gnarus.
816 3264 1000 3333 Istiusmodi
1022 3266 1187 3333 Graeculis
1206 3269 1373 3341 debentur
1392 3275 1501 3343 formae

326 3369 404 3448 μίν,
438 3371 600 3451 οὐδεμίην,
634 3372 722 3453 μοι’ρν
754 3372 824 3438 εἰιιι.
856 3372 887 3437 in
918 3372 1019 3440 Godd.
1040 3373 1165 3438 nostris.
1211 3373 1303 3443 idem
1324 3380 1501 3447 vitiumest

329 3479 388 3554 66,
411 3479 432 3544 ,7
460 3476 627 3555 μακέλλην
659 3475 755 3558 ἔχων,
790 3478 877 3568 quod
907 3491 1013 3546 tamen
1041 3477 1256 3556 sumtum'est
1278 3505 1316 3549 cx
1337 3485 1501 3552 Homerico

327 3582 418 3663 χερσί
442 3580 613 3660 μύαελλοιν
634 3581 726 3663 ἔχων.
750 3588 767 3671 §
788 3589 831 3651 36
851 3587 1024 3665 οἰτροσδεῆ,
1045 3586 1089 3651 sic
1113 3585 1191 3650 ulibi
1211 3588 1307 3667 ύχιῆ,
1325 3594 1432 3674 εὐφυῆ
1451 3611 1502 3682 pro

327 3688 504 3768 ύπροοδεοί,
529 3687 625 3764 ὐχιοί,
652 3691 768 3770 εὐφυῆ.
794 3694 852 3768 26,
871 3693 913 3755 32
935 3693 1245 3772 περισκοπῆοασύαι,
1276 3702 1501 3778 veteresren-

328 3791 518 3870 οαόψασόαι.
547 3794 564 3877 §
600 3797 643 3857 34
674 3795 963 3874 ἐνανπῆχνσιίμῆν,
1000 3798 1076 3886 quia
1104 3798 1193 3863 solus
1218 3812 1338 3867 enatet
1359 3803 1502 3894 suisipsc

328 3897 476 3961 mundius
503 3897 652 3987 scapham
674 3911 877 3991 compegerat
896 3902 1104 3979 ε’νανπῆχιρσα
1127 3902 1249 3968 dictum
1277 3910 1435 3997 oportuit.
1452 3911 1503 3984 26,

330 4001 370 4062 12
402 4001 632 4081 διῆνορενμένον
669 4005 700 4067 ἕν
736 4013 799 4075 τοῖς
837 4004 957 4083 νόμοις,
991 4005 1090 4072 Attici
1119 4009 1319 4097 διειρημένον,
1353 4028 1390 4081 ut
1416 4038 1502 4107 suprt

331 4102 535 4171 ostendimus
584 4108 702 4172 Passim
722 4108 753 4172 in
777 4107 827 4174 his
850 4109 1022 4176 Lucrinus
1043 4113 1172 4180 labitur.
1202 4119 1263 4195 29,
1288 4121 1332 4185 25
1354 4123 1505 4194 δεσπόται

329 4212 613 4290 κεχειροτονηκότες
632 4235 691 4302 pro
711 4214 866 4294 ῆρῆμένοιε
893 4215 1002 4304 inepte
1019 4218 1137 4308 singuli
1153 4219 1307 4288 dicuntur
1324 4235 1505 4308 χειροτονεῖν

328 4312 410 4380 τινύ.
432 4320 449 4402 §
466 4319 507 4381 27
529 4319 639 4400 εὐνλίιρ
658 4320 710 4385 καί
729 4309 881 4402 εὐννὲμιρ,
905 4323 1001 4389 Attici
1018 4327 1125 4407 εὐείλιρ
1141 4349 1199 4415 pro
1217 4331 1330 4412 εὐνλίιρ
1349 4333 1505 4401 dixissent

331 4421 389 4498 32,
424 4423 464 4485 19
495 4423 641 4502 προλέγει
672 4429 769 4489 ποίσιν
798 4427 837 4498 ὡς
866 4429 1081 4505 μαντεύσεται
1108 4431 1122 4493 ὁ
1151 4433 1216 4503 dede
1242 4435 1285 4505 εἰς
1318 4440 1413 4517 ρἰρπήν
1439 4463 1504 4506 τινα

331 4525 464 4606 ἡμέραν,
501 4526 610 4616 inepte
646 4541 681 4592 ut
711 4529 793 4595 nihil
824 4553 919 4620 supro
947 4532 1152 4624 dicituripse
1173 4536 1507 4623 Ιίοιιεμανπεύεσόαι,

329 4633 545 4718 promodulo
567 4632 679 4712 edere,
699 4657 774 4700 narn
795 4647 881 4700 rates
896 4637 1123 4718 μαντεύονται,
1141 4641 1192 4705 Ilii
1207 4652 1286 4724 χρῆν
1306 4657 1340 4711 et
1360 4650 1507 4734 ὐεσπίζειν

330 4734 493 4814 dicuntur:
525 4736 668 4827 itaque&
695 4741 752 4818 μὲν
782 4740 948 4806 Ἀπόλλων
976 4753 1057 4824 χρῆ,
1084 4749 1101 4820 ῆ
1128 4747 1159 4812 δὲ
1181 4751 1282 4817 Πνόία
1303 4758 1508 4831 μαντεύεται.
