3309 5750
796 619 863 689 263

239 836 274 888 λ.
304 815 438 886 eandam
467 813 630 894 trahente,
653 824 689 881 ut
717 814 751 879 in
778 812 938 883 rocabqu
964 811 1132 882 decurtato
1151 814 1249 890 moris
1266 827 1329 892 ert:
1342 816 1421 908 :ipsa

241 927 399 995 sententia
419 935 473 991 ant
493 921 647 990 articulus
666 919 823 988 indicium
844 919 922 986 fucit
942 920 1106 1010 quomodo
1126 921 1166 987 sit
1187 943 1334 1013 quaeque
1352 923 1421 990 for-

239 1058 292 1100 ma
323 1031 492 1123 explendo:
526 1053 591 1095 non
622 1028 717 1094 focile
745 1038 898 1117 peccatur
930 1027 963 1092 in
992 1027 1146 1107 caeteris,
1177 1028 1211 1095 in
1241 1030 1422 1104 accusatiao

242 1140 393 1205 solemnis
415 1160 502 1204 error
521 1147 577 1201 est.
615 1134 728 1200 Habeo
749 1133 791 1197 ob
816 1132 926 1200 oculos
946 1134 1120 1223 scripturas
1142 1133 1261 1200 codicis
1278 1134 1422 1200 Floren-

242 1251 325 1324 tini,
358 1267 423 1335 quo
455 1243 638 1308 lauterunt
665 1244 737 1304 vita
766 1239 984 1329 Pythagorae
1014 1239 1217 1317 continetur,
1246 1240 1303 1328 qui
1321 1240 1423 1321 liber,

242 1364 279 1416 ut
306 1372 401 1441 supra
431 1350 589 1425 diximus,
622 1345 801 1412 communis
833 1356 881 1410 est
906 1345 993 1433 origo
1018 1355 1051 1410 et
1073 1344 1146 1410 fons
1165 1344 1422 1435 apographorum

242 1457 406 1533 omnium,
440 1454 526 1518 unde
555 1452 589 1517 id
620 1474 700 1540 opus
730 1461 762 1516 et
786 1449 912 1517 editum
938 1462 971 1514 et
993 1462 1175 1517 correctum
1199 1460 1255 1516 est.
1303 1449 1421 1527 Horret
1514 1456 1520 1465 '

243 1574 331 1627 totus
360 1562 444 1627 liber
472 1558 673 1649 compendiis
700 1568 732 1624 et
765 1556 929 1623 rooabulis
950 1556 1119 1634 truncatis,
1142 1555 1178 1620 in
1201 1555 1319 1645 quibus
1339 1555 1422 1624 bene

242 1667 364 1734 Graece
394 1666 569 1732 scientibus
597 1664 679 1728 nihil
713 1675 759 1728 est
780 1662 1022 1752 impedimenti,
1050 1672 1082 1727 at
1106 1661 1253 1730 ridentur
1272 1660 1358 1732 haud
1377 1662 1422 1737 itu

242 1773 339 1838 multi
358 1796 424 1838 esse
444 1784 498 1837 aut
519 1771 636 1848 luisse,
662 1772 717 1860 qui
739 1770 820 1835 bene
842 1769 961 1836 Graece
980 1770 1091 1835 seiont.
1114 1769 1161 1834 lle
1180 1770 1311 1835 caeteris
1332 1791 1422 1835 oom-

215 1894 219 1898 ’
240 1877 367 1969 pendiis
399 1876 515 1967 optimi
533 1876 608 1942 libri
629 1888 663 1943 et
683 1876 853 1943 verissimis
873 1876 1068 1941 lectionibus
1087 1889 1119 1941 et
1136 1877 1322 1942 lacunarum
1344 1897 1422 1966 supa

241 1983 414 2074 plementis
450 1982 671 2072 compluscula
702 2004 796 2072 supra
826 1983 977 2072 opposui,
1011 1993 1136 2047 caetera
1163 1980 1242 2046 elias
1271 1979 1421 2050 daturus:
1522 1977 1529 1994 ‘

241 2111 328 2155 nunc
347 2112 448 2155 unum
472 2102 596 2154 tanturn
616 2111 820 2177 expromam,
840 2088 916 2178 quia
936 2086 1137 2179 praeclarum
1154 2097 1249 2166 estet
1266 2085 1424 2177 praeclari

241 2196 397 2273 auctoris,
418 2196 638 2275 dursroxttrtl,
661 2196 767 2277 §234
787 2193 845 2257 ubi
865 2194 1006 2283 primum
1027 2215 1086 2283 pro
1106 2192 1136 2258 sl
1154 2215 1202 2264 τις
1229 2193 1422 2273 rectricem

242 2303 356 2374 αὐτοὺς
393 2302 437 2372 εἷς
468 2300 567 2384 φορὰν
603 2298 671 2386 tatii
700 2298 880 2384 συμφοράν)
910 2300 1081 2379 ἀξιόχρεων
1111 2298 1144 2363 in
1169 2297 1345 2388 archetypo
1374 2307 1423 2364 est

243 2408 286 2479 ele
310 2405 412 2487 φόβον
433 2387 615 2485 ἄξιδχρεων.
645 2402 783 2491 'Syllaba
802 2408 845 2485 φο
865 2402 963 2469 habet
979 2405 1225 2494 superscriptam
1245 2404 1423 2471 litterulam

241 2512 267 2590 β
297 2511 511 2601 perexiguam,
532 2532 569 2574 ea
595 2508 715 2587 forma,
748 2530 833 2598 quae
861 2532 885 2573 u
911 2510 1008 2574 refert
1036 2530 1109 2574 oum
1130 2521 1265 2574 accentu
1283 2510 1372 2599 grani
1389 2533 1421 2576 ov

244 2616 465 2706 significante:
481 2613 558 2678 ltine
577 2626 671 2680 natus
693 2617 782 2680 error
800 2627 859 2683 est.
906 2613 1030 2680 Deinde
1049 2639 1109 2704 pro
1128 2617 1343 2697 συνταχθῆναι
1368 2614 1421 2681 s’rrl
1490 2611 1496 2621 ’

242 2721 404 2801 redempt
429 2719 556 2785 osorton
578 2720 714 2785 ἐναντίον
739 2743 775 2784 τε
801 2720 872 2785 τινὰ
897 2727 956 2785 τῶν
984 2720 1165 2802 κατηγόρων
1186 2723 1284 2786 αὐτοῦ
1308 2722 1423 2800 εἰπεῖν,

244 2823 353 2892 Codex
384 2823 588 2890 dntsroxuttt
607 2846 737 2891 manum
760 2826 895 2893 servarit
918 2824 1017 2892 hunc:
1041 2828 1255 2908 συνταχθῆναι
1277 2825 1327 2892 ἐπὶ
1349 2825 1424 2898 τοὺς

241 2931 310 3012 περὶ
341 2930 468 2995 crustas
499 2930 605 3010 dpoirax
641 2931 767 2997 τοιόνδε.
807 2933 1108 3013 μεταπεμψάμενος
1137 2932 1152 2995 o'
1178 2933 1337 3004 Διονύσιος
1358 2929 1422 3010 ἔφη

243 3037 296 3101 τὸν
329 3034 456 3099 osorton
482 3045 492 3084 ¹
522 3035 658 3101 ἐναντίαν
686 3035 721 3100 re'
748 3060 820 3101 ros
851 3042 910 3101 τῶν
939 3034 1140 3118 κατηγόρων,
1171 3036 1287 3125 quibus
1317 3034 1424 3103 serbis

245 3139 376 3207 historia
397 3139 593 3207 nobilissima
607 3140 759 3207 llanoms
774 3153 809 3207 et
824 3143 990 3209 Pnsnrrrr
1009 3164 1079 3207 eam
1097 3141 1367 3221 formamindnit,
1386 3152 1424 3209 nt

244 3268 316 3312 eam
343 3268 450 3311 reram
482 3267 550 3310 esse
578 3246 816 3339 intelligamus,
837 3270 947 3337 eaque
968 3247 1036 3337 ipse
1058 3247 1286 3313 Aristoxenus
1307 3251 1327 3332 §
1347 3251 1426 3312 233.

243 3351 439 3427 διακηκοέναι
471 3350 550 3430 Φησὶ
586 3351 745 3414 Διονυσίου
770 3357 824 3416 τοῦ
857 3351 1008 3424 Σικελίας
1038 3351 1185 3431 τυράννου
1209 3347 1262 3415 ὅτε
1284 3349 1426 3417 ἐκπεσὼν.

245 3465 303 3532 τῆς
331 3452 508 3535 μοναρχίαις
537 3453 721 3535 γράμματα
750 3456 781 3518 ἐν
811 3456 938 3536 Κορίνθῳ
967 3457 1145 3539 ἐδίδασκεν,
1169 3476 1234 3544 quo
1255 3452 1425 3521 meliorem

246 3573 359 3628 testem
382 3581 478 3624 nemo
497 3558 649 3649 requiret.
695 3557 734 3624 ln
763 3558 825 3624 lroc
848 3560 948 3649 igitur
965 3558 1104 3638 Codice,
1123 3571 1158 3624 ut
1180 3560 1214 3624 in
1234 3558 1305 3627 aliis
1327 3557 1426 3650 paulo

246 3664 497 3756 antiquioribus,
516 3663 859 3756 compendium,quod
877 3665 1141 3755 diri,aliquoties
1160 3678 1311 3757 apparet,
1326 3663 1428 3735 modo.

246 3784 332 3838 reete
358 3771 478 3836 lectum
498 3772 707 3856 'Arro'ttmm
723 3771 820 3836 modo
840 3772 1038 3862 negligenter
1057 3773 1218 3866 ’Ardeam
1253 3773 1427 3862 Perpera'm

249 3883 267 3967 §
287 3881 319 3942 t.
341 3877 551 3966 descriptores
570 3877 730 3943 dederunt
750 3879 793 3961 τῇ
811 3879 971 3960 ssapdeolit
990 3877 1212 3958 τότεμιγῆναι
1235 3879 1288 3944 rit
1305 3875 1428 3957 ’ttrra'tt-¹

245 3999 290 4048 λω
316 3986 385 4067 et§
409 3988 468 4059 52,
487 3990 549 4061 53,
572 3988 653 4063 135,
674 3988 752 4063 tto,
772 3995 860 4050 recte
880 3990 898 4074 §
919 3984 992 4050 152.
1012 3983 1290 4063 norrrdsrlatnlt
1305 3980 1427 4047 ’Andre

246 4101 352 4163 tere,
382 4085 503 4175 ubique
527 4087 562 4152 in
590 4086 708 4154 (lodice
740 4088 852 4155 eadem
875 4103 923 4156 est
951 4090 1240 4179 scriptura,··quae
1268 4087 1350 4152 item·
1366 4106 1425 4175 ap·

247 4203 338 4282 paret
368 4196 402 4280 §.
419 4193 492 4257 136.
527 4195 584 4255 roi
609 4193 640 4255 ἐν
669 4195 883 4275 Ὑπερβορέοις
907 4177 1034 4269 droti,
1060 4195 1094 4258 ln
1120 4215 1183 4283 qun
1199 4191 1334 4282 ⁴peccari
1357 4210 1427 4254 non
1453 4223 1457 4226 ·

247 4309 383 4390 poterat.
407 4296 530 4363 ‘Attici
561 4308 745 4363 constanter
773 4298 925 4364 dicebant
959 4296 1012 4373 vlt]-
1030 4299 1082 4363 τὸν
1111 4296 1275 4371 ’Airo‘tnm
1294 4296 1342 4370 mi
1370 4293 1426 4363 τὸν

247 4405 403 4477 Ποσειδῶ,
423 4416 510 4470 extra
529 4402 753 4469 iusiurandum
773 4403 840 4468 lere
860 4403 1051 4473 'Ardentem
1073 4413 1106 4467 et
1129 4404 1324 4478 Ποσειδῶνα,
1346 4418 1427 4489 quan

250 4509 368 4576 formas
392 4510 543 4579 Luctare
566 4511 688 4602 ubique
711 4508 891 4577 reddendas
909 4530 982 4574 asse
1004 4528 1149 4593 censen...
1237 4558 1242 4565 .

281 4653 291 4691 ¹
295 4662 303 4722 t
319 4656 393 4707 Haec
406 4666 443 4707 est
457 4658 535 4722 probe
546 4660 574 4729 et
589 4656 700 4720 genuina
714 4655 795 4706 torma
808 4652 899 4706 Graeci
914 4636 1038 4712 nominis,
1060 4649 1132 4716 quoe
1142 4615 1427 4733 muneremunere

247 4743 281 4796 In
298 4742 383 4794 hm
400 4741 479 4793 m.
496 4744 540 4794 lll-
556 4741 596 4794 ltt'
604 4741 732 4792 Φαντίαν
748 4741 825 4803 abiit,
841 4741 884 4791 otti
896 4736 1021 4788 'ficeclo'
1037 4732 1213 4787 rsddmdnm'
1239 4784 1243 4793 ,
1284 4764 1288 4777 ·
1331 4743 1353 4775 t·
1391 4740 1427 4780 25.
