3309 5750
909 624 949 687 tt

328 806 419 892 tique
450 807 507 869 aut
535 799 745 868 temerarium
769 820 840 869 asse
862 798 1109 867 arbitrabuntur
1138 799 1208 867 illos
1236 798 1316 869 velle
1341 804 1525 889 cogerem

328 910 496 987 ordinem,
527 907 638 993 quiin
662 925 699 972 ea
722 927 758 972 re
784 924 920 992 regnare
944 912 1120 990 putantur,
1143 915 1200 973 aut
1221 926 1339 993 auceps
1362 918 1395 976 et
1418 912 1525 980 ambi-

329 1035 430 1103 guum
454 1013 619 1099 negotium
643 1012 676 1077 in
697 1011 748 1077 his
767 1011 914 1097 reliquiis
928 1020 1210 1078 monumentorum
1231 1021 1377 1080 veterum
1396 1015 1523 1103 liquido

329 1120 463 1188 delinire
486 1117 565 1206 quid
585 1116 667 1183 ierat
689 1137 767 1183 usus
799 1126 830 1183 et
862 1116 1009 1201 analogia
1035 1117 1165 1203 linguae
1199 1118 1413 1203 antiquioris,
1440 1122 1522 1207 quid

327 1247 390 1296 nou
404 1225 486 1293 lerat
504 1231 710 1310 resonatque.
747 1222 831 1288 Sunt
854 1220 932 1287 adeo
950 1221 1006 1306 qui
1030 1223 1160 1307 angusti
1183 1223 1283 1287 animi
1306 1243 1377 1291 esse
1400 1234 1522 1312 putant

327 1332 446 1400 mentis
469 1336 502 1397 et
525 1329 757 1415 cogitationum
787 1327 1004 1394 humanarum
1034 1326 1195 1393 infinitam
1219 1328 1434 1406 varietatem,
1467 1353 1522 1401 ve·

326 1437 512 1514 locitatem,
533 1433 735 1507 libertatem,
761 1431 862 1498 veluti
882 1430 1090 1516 compedibus
1113 1432 1308 1518 quibusdam
1330 1442 1363 1501 et
1387 1454 1523 1505 carcerc

327 1552 497 1618 coercere,
521 1537 651 1605 domare
666 1545 701 1604 et
721 1537 768 1604 sic
792 1535 963 1602 debilitare
984 1556 1028 1603 ac·
1045 1536 1194 1623 frangere
1218 1540 1346 1618 conari,
1365 1547 1409 1610 ut
1430 1560 1520 1610 sum·

326 1649 390 1714 mis
419 1644 559 1731 ingeniis
588 1642 774 1710 facultatem
799 1640 969 1729 eloquendi
1000 1642 1086 1728 quod
1110 1644 1252 1712 sentiant
1274 1645 1377 1711 arctis
1397 1644 1519 1714 linibus

328 1748 597 1827 circumscribas,
626 1755 658 1815 et
681 1768 760 1815 esse=
774 1746 834 1813 boo
863 1747 956 1833 quasi
984 1748 1100 1832 pinnas
1121 1749 1229 1814 animo
1253 1750 1452 1829 incidentis,
1468 1772 1521 1830 uc

328 1875 364 1921 oo
388 1854 512 1923 evolare
543 1854 643 1941 possit
678 1872 741 1941 quo
772 1872 867 1919 nemo
896 1850 1003 1917 adhuc
1031 1854 1223 1939 pervenerit.
1271 1855 1344 1921 Non¹
1374 1855 1519 1925 multum

327 1959 408 2027 milri
433 1958 634 2026 difficultatis
650 1958 802 2026 obiicient
826 1958 883 2044 qui
903 1959 948 2023 ita
969 1956 1152 2044 disputant,
1178 1979 1255 2024 nam
1273 1959 1367 2027 facile
1386 1962 1517 2032 vincam

327 2066 594 2148 περιακολουδεῖν,
628 2072 663 2130 ut
691 2064 937 2146 neptuadsdbem‚
970 2070 1007 2129 ut
1032 2063 1266 2147 aspirandum,
1296 2086 1517 2153 numquamtt

328 2190 490 2257 quoquam
511 2190 579 2237 esse
596 2169 720 2235 dictum
741 2179 798 2237 aut
823 2169 951 2247 lictum,
973 2170 1050 2254 quia
1072 2190 1153 2255 quae
1166 2171 1401 2257 notiocogitari
1422 2172 1515 2260 plane

327 2282 545 2363 non‘potest,
568 2275 660 2342 novis
678 2274 785 2343 verbis
808 2274 924 2341 subiici
945 2296 1008 2341 non
1032 2283 1154 2361 potest,
1178 2283 1211 2340 et
1229 2272 1345 2355 ἕπομαι
1369 2278 1419 2343 vel
1434 2280 1518 2350 ,oinos

326 2383 444 2449 alateo
469 2380 518 2448 vel
546 2381 708 2463 inopum,
737 2381 813 2466 quia
843 2388 994 2447 naturam
1015 2401 1108 2447 suam
1127 2400 1246 2447 exuere
1267 2401 1331 2446 non
1356 2391 1515 2469 possunt,

326 2507 505 2574 numquam
540 2487 683 2574 potuisse
710 2485 933 2553 accusativum
957 2485 1154 2563 adsciscere,
1190 2485 1346 2571 quidquid
1376 2487 1517 2569 onnus

326 2592 469 2661 oraora.
483 2591 533 2659 vel
555 2592 712 2658 &uorans
734 2591 784 2656 rel
804 2591 946 2678 imperiti
979 2592 1104 2658 scribae
1127 2589 1387 2660 hallucinantur..
1475 2623 1513 2666 ...-

369 2698 406 2764 Io
435 2717 472 2765 re
503 2696 663 2765 litteraria
692 2704 724 2762 et
759 2698 983 2781 grammatica
1001 2718 1066 2763 non
1097 2705 1146 2762 est
1178 2695 1394 2782 periculosum
1428 2696 1518 2785 quod¹

326 2803 398 2869 fieri
428 2821 491 2870 non
514 2804 615 2889 possit
645 2819 822 2889 numquam
848 2800 970 2868 lactum
1002 2822 1071 2869 esse
1090 2820 1295 2881 asseverare,
1319 2822 1423 2891 neque
1442 2804 1516 2879 ,bqr

325 2909 428 2994 igitur
440 2926 633 2994 magnopere
653 2906 778 2985 laboro,
802 2906 858 2972 sed
878 2906 965 2973 aliud
983 2916 1032 2975 est
1055 2907 1232 2975 cavendum
1257 2928 1295 2973 ao
1312 2908 1424 2981 sedtdo
1446 2910 1515 2986 anic

325 3011 614 3091 madvertendum‚
638 3013 905 3080 noimmercntes
922 3013 1042 3080 iniuria
1061 3012 1259 3100 plectantur,
1279 3021 1317 3081 et,
1335 3014 1512 3101 quod-scri.

325 3118 385 3185 bae
409 3125 442 3185 et
472 3115 563 3185 scioli
598 3114 813 3203 deliquerint,
846 3116 879 3182 id
904 3118 984 3204 ipsis
1014 3118 1188 3186 Atticomm
1211 3119 1517 3197 imitatoribusino.

324 3231 468 3312 putetur.
488 3222 639 3289 buculos
652 3230 684 3291 et
701 3222 888 3301 Acerranos,
912 3244 954 3290 ne
976 3223 1082 3291 dicam
1103 3225 1143 3291 de
1165 3225 1301 3303 ceteriS,
1324 3245 1511 3297 nuncupem

323 3329 375 3396 dis
407 3338 440 3397 et
471 3327 636 3397 erroribus
666 3328 778 3397 multis
804 3329 901 3396 obsiti
934 3338 1029 3410 sunt,
1065 3330 1182 3418 quibus
1214 3331 1351 3398 sanioris
1373 3334 1517 3408 ’Ambra

323 3442 474 3503 constans
509 3442 541 3501 et
576 3443 750 3521 perpetuus
765 3474 769 3485 ·
785 3456 864 3505 usus
893 3435 1053 3516 violatur,
1081 3457 1144 3502 uon
1180 3456 1255 3521 quo.
1274 3456 1319 3505 ea.
1335 3439 1517 3513 nescirent¹

322 3561 404 3628 quae
438 3539 645 3607 futilissimus
678 3541 816 3628 quisque
850 3541 1107 3628 magistellorum
1138 3541 1297 3620 inculcat,
1332 3542 1388 3616 ssd
1417 3544 1516 3630 quia,

321 3645 405 3713 durn.
424 3646 570 3716 omnium
599 3645 748 3711 manibus
770 3645 880 3712 sedulo
903 3653 1072 3724 teruntur,
1104 3654 1273 3725 traxerunt
1296 3647 1511 3721 subindeali·

321 3749 403 3834 quid
425 3769 534 3815 ‚novae
568 3749 791 3835 corruptelae,
815 3769 912 3835 quam
926 3748 1080 3817 affricuit
1111 3749 1268 3825 lectorum
1291 3761 1423 3836 tantum
1447 3774 1514 3825 nou-

320 3856 466 3919 omnium
489 3853 605 3918 vitiosa
624 3852 751 3918 dicendi
775 3855 983 3921 consuetudo.
1025 3856 1139 3938 ¹(buum
1162 3858 1264 3925 animi
1286 3877 1383 3925 causa
1406 3859 1510 3933 iocosa

320 3958 441 4044 scripta
465 3956 598 4044 plurimi
629 3965 809 4026 versarent⁴
827 3968 860 4026 et
890 3960 1131 4042 describerent,
1167 3962 1310 4031 facetias-
1328 3971 1360 4030 et
1388 3962 1509 4050 lepores

320 4063 424 4148 magis
451 4081 548 4149 quam
581 4065 734 4129 orationis
765 4063 902 4134 sormam
938 4069 1115 4148 curabant,
1151 4089 1233 4155 quae
1268 4067 1435 4154 paullatim
1470 4067 1510 4135 ad

318 4166 490 4252 vulgarem.
510 4167 663 4253 loquendi
682 4167 854 4237 formulam
876 4172 995 4239 relicta.
1012 4181 1087 4253 est,¹
1101 4181 1138 4242 ut
1159 4193 1255 4259 saepe
1276 4175 1420 4260 antiqua,
1432 4175 1515 4257 scri.¹

318 4281 417 4360 ptura
436 4273 554 4359 ubique
576 4273 745 4345 obliterata
763 4283 796 4343 et
816 4275 925 4345 deleta-
941 4279 995 4344 ·sit
1007 4327 1027 4358 ,.
1040 4299 1284 4366 nonnumquam
1308 4280 1351 4347 in.
1366 4280 1517 4371 antiquis

318 4377 477 4473 codicum:
499 4379 588 4458 viliis
621 4385 707 4445 tuto·
727 4379 920 4462 delitescat,
954 4382 1047 4458 unde.
1070 4387 1160 4452 acuti
1191 4385 1299 4457 critici
1332 4393 1508 4465 eruerunt,

316 4481 464 4551 Graeculi
476 4483 552 4568 quia
576 4503 639 4550 non
660 4485 882 4572 intelligebant
905 4487 1109 4558 abstinebant
1126 4511 1272 4559 manum.
1318 4489 1508 4561 Genusboc

315 4589 470 4657 vitiorum
493 4588 589 4676 quale
623 4590 719 4659 silet
744 4592 1015 4679 quemadmodum
1047 4604 1156 4664 vetera
1179 4595 1295 4664 menda
1311 4594 1416 4667 ¹bonas
1442 4593 1507 4665 tor.-

316 4714 387 4762 mas
422 4692 461 4761 ab
490 4694 627 4764 interitu
656 4696 820 4767 vindicare
852 4700 975 4786 possint
1003 4699 1122 4788 insigni
1153 4702 1299 4792 exemplo
1329 4699 1506 4773 ostendam.
