3309 5750
856 603 923 666 286

305 792 448 887 γένοντο,
475 822 548 868 nam
568 799 625 890 qui
645 800 689 864 ita
709 798 835 889 quaerit
856 795 1047 863 Echecrates
1065 797 1199 863 miratur
1218 820 1277 865 eos
1297 823 1369 867 non
1390 804 1490 871 nouri-

307 910 376 976 nari
398 909 483 974 inter
503 931 576 986 cos,
600 907 658 997 qui
677 904 801 973 Socrati
822 903 980 968 morituro
1002 897 1191 982 adfuissent,
1210 915 1243 969 et
1265 908 1300 970 ού
1319 905 1410 982 δην-οι
1426 932 1488 977 me.

304 1014 368 1080 lius
386 1013 632 1105 respondebitur
652 1013 677 1078 si
697 1014 729 1076 ού
751 1009 966 1102 praecesserit.
1014 1008 1116 1094 Quam
1139 1022 1228 1077 vetus
1249 1010 1317 1078 boc
1333 1015 1485 1083 mendum

305 1121 340 1186 in
370 1119 533 1185 Pnunorus
563 1117 737 1185 codicibus
766 1116 934 1182 inoleverit
963 1128 1095 1207 apparet
1119 1139 1157 1182 cr
1180 1116 1358 1186 Duntnn
1380 1121 1486 1189 libello

305 1227 374 1308 περὶ
400 1224 562 1307 ἑρμηνείας
586 1230 605 1313 §
625 1227 698 1291 288.
724 1222 862 1302 Gonu,
880 1222 934 1289 sed
955 1246 1027 1289 vera
1048 1224 1201 1315 scriptura
1216 1226 1391 1315 antiquius
1410 1227 1486 1295 nibil

305 1342 362 1397 cst.
406 1330 447 1395 'ln
468 1329 652 1421 Huuonoto
673 1326 728 1395 Vl.
752 1333 805 1395 52.
838 1330 894 1403 νην
919 1329 950 1393 δὲ
976 1330 1043 1393 οὐδὲ
1069 1333 1166 1405 αὐτην
1186 1329 1292 1413 φάναι
1320 1333 1483 1411 διαμινύρ-

306 1461 390 1510 κειν,
423 1435 539 1499 εἰδυῖαν
571 1436 629 1513 μέν
656 1435 709 1500 καί
737 1434 773 1498 τὸ
803 1433 905 1515 κάρνα
927 1433 1034 1512 λέγειν
1062 1440 1186 1510 ταῦτα,
1210 1436 1413 1515 βουλομένην
1440 1439 1502 1515 ll„

304 1540 392 1611 είκως
414 1538 587 1621 ἀμφότεροι
612 1538 754 1618 γενοίατο
774 1538 941 1616 βασιλέες,
967 1540 1058 1604 locus
1078 1562 1116 1604 cr
1135 1540 1295 1631 impedito
1314 1552 1353 1607 ct
1373 1542 1482 1609 incon·

305 1644 404 1708 cinno
424 1642 590 1733 expeditus
609 1644 669 1709 erit
689 1644 713 1708 si
731 1643 927 1734 suppleveris
947 1646 980 1709 οὐ
998 1644 1190 1725 βουλομένην
1209 1645 1259 1721 δέ,
1280 1658 1313 1711 ct
1333 1648 1383 1712 sic
1399 1649 1482 1723 είιιιος

306 1770 396 1813 more
418 1748 610 1814 Graecorum
631 1750 773 1839 positum
793 1750 870 1830 erit,
890 1748 977 1840 quud
992 1770 1080 1813 nunc
1094 1749 1220 1816 soloecc
1235 1772 1274 1816 ex
1290 1751 1483 1833 βουλομένην

304 1851 432 1918 videtur
456 1876 654 1943 suspensum.

355 1956 480 2023 llddanr
509 1980 608 2025 unum
637 1970 780 2025 tantum:
813 1959 846 2025 in
878 1959 961 2025 libro
991 1960 1033 2025 de
1065 1957 1244 2025 Uolumnia
1270 1964 1336 2039 59,
1359 1929 1481 2027 &libri

305 2062 559 2128 contundunt
540 2089 677 2145 αρχεται
704 2077 796 2145 etp
767 2063 896 2146 ἔρχεται
926 2065 1114 2155 pervulgato
1142 2086 1265 2143 errore,
1296 2065 1359 2154 qui
1381 2078 1481 2133 tamen

305 2167 443 2233 subinde
471 2170 606 2235 lectores
637 2181 669 2236 et
697 2170 834 2238 editores
863 2171 995 2261 impune
1023 2170 1215 2237 ludificatur.
1262 2168 1303 2235 ln
1327 2170 1481 2239 Dtottvsto

305 2272 425 2340 Hunc,
446 2272 471 2341 I.
491 2278 545 2343 85.
570 2282 621 2341 νύν
643 2274 786 2357 ἀρχομαι
810 2276 1032 2354 διηγησόμενος
1056 2275 1226 2339 manifesto
1246 2274 1416 2343 soloecutn
1437 2290 1480 2344 cst

302 2401 362 2471 pro
390 2378 543 2461 ἔρχομαι,
576 2380 664 2471 quod
686 2379 751 2445 duo
773 2379 887 2469 optimi
908 2378 983 2444 libri
1008 2377 1211 2470 suppeditant
1232 2378 1434 2448 Vaticanus
1452 2395 1480 2449 et

304 2483 504 2565 Gle'ss'anus,
529 2486 582 2551 sod
603 2488 671 2552 sine
693 2486 783 2552 libris
804 2484 846 2550 ab
869 2506 1065 2575 unoquoque
1085 2496 1211 2575 poterat
1231 2486 1361 2577 corrigi.
1391 2487 1431 2553 Iu
1444 2512 1479 2555 rc

302 2602 368 2656 tam
397 2604 482 2657 certa
510 2615 607 2682 quum
629 2604 705 2658 nota
726 2593 826 2658 miror
848 2590 1011 2682 quomodo
1030 2591 1063 2654 in
1084 2590 1249 2657 Functus
1267 2590 1355 2658 Ione
1373 2594 1481 2661 doctos

303 2696 448 2763 homines
467 2699 569 2790 turpis
590 2698 797 2765 soloecismus
818 2697 936 2787 fugerit
955 2720 987 2787 p.
1009 2700 1074 2762 533
1097 2715 1126 2763 c.
1159 2697 1215 2761 καί
1239 2697 1313 2778 ὁρῶ,
1348 2696 1372 2765 ὦ
1393 2702 1476 2775 Ἴον,

301 2802 353 2867 καί
379 2801 524 2884 ἀρχομαί
546 2805 585 2884 γέ
609 2828 655 2869 οοι
675 2802 928 2886 ἀποφαινόμενος
951 2800 1036 2882 ύμοι
1056 2802 1145 2867 δοκεῖ
1163 2806 1254 2867 τοῦτο
1274 2798 1376 2880 εἶναι,
1401 2803 1480 2871 nibil

303 2909 420 2973 cestius
458 2922 505 2975 cst
539 2931 636 3000 quern
673 2906 846 2998 legendum
886 2905 1022 2988 ἔρχομαί
1053 2907 1092 2987 γέ
1127 2931 1172 2972 σοι
1205 2907 1477 2990 ἀποφανούμενος.

303 3012 506 3102 Quamquam
538 3015 672 3096 ἔρχομαι
701 3024 768 3079 crat
798 3012 878 3077 olim
903 3013 1030 3102 vulgata
1059 3012 1156 3079 lectio
1177 3025 1283 3079 tamen
1308 3014 1414 3083 doctis
1434 3019 1477 3084 nil

305 3116 455 3183 suboluit.
479 3120 582 3202 φαίνω
600 3129 633 3185 et
650 3124 759 3201 φανῶ,
785 3119 939 3200 φαίνομαι
957 3131 989 3184 ct
1005 3125 1169 3202 φανοῦμαι
1186 3131 1218 3184 et
1234 3121 1353 3187 similia
1374 3125 1478 3190 omnia

302 3244 398 3314 quarn
420 3223 605 3315 frequenter
622 3223 744 3290 scribae
758 3224 1003 3313 permiscueriut
1020 3247 1112 3315 saepe
1128 3226 1479 3307 ostendimus,ctnovo

302 3329 449 3420 exemplo
478 3328 561 3395 hanc
589 3341 713 3420 partem
743 3329 990 3395 concludemus:
1024 3330 1220 3420 ubicumque
1243 3332 1392 3402 luturuvn
1414 3339 1477 3403 tto

301 3440 412 3516 ροῦμαι
434 3435 468 3500 in
491 3448 632 3502 veterum
649 3434 738 3502 libris
758 3436 932 3528 apparebat
949 3435 1098 3502 Graeculi
1118 3428 1262 3517 ὀδύρομαι
1283 3439 1478 3510 substituere

301 3540 421 3621 solent,
453 3553 489 3608 ut
516 3543 671 3622 ἀγγέλλοι
691 3564 750 3634 pro
773 3545 925 3622 ἀγγελῶ,
949 3543 1105 3622 ςέλλομαι
1123 3565 1182 3632 pro
1203 3552 1378 3626 ςολοῦμνιι,
1403 3551 1478 3636 alia,

299 3656 333 3710 et
353 3645 386 3711 in
405 3647 522 3737 quibus
542 3647 637 3712 etiam
657 3647 831 3773 proclivior
849 3667 937 3712 error
955 3659 1002 3712 cst
1020 3647 1119 3726 μένοι,
1145 3646 1251 3730 κρίνα,
1268 3653 1379 3730 ἀμύνοι
1398 3669 1476 3723 caet.

298 3772 359 3839 pro
385 3757 550 3832 μενά,κρ
536 3757 620 3832 ρινά,
653 3753 772 3830 ἀμυνῶ.
818 3751 860 3816 ln
879 3753 1029 3819 Luctutto
1051 3755 1111 3832 10,
1136 3756 1194 3832 23,
1215 3751 1246 3820 2.
1270 3761 1345 3834 μετ’
1372 3761 1476 3841 ἀλίμον

300 3853 495 3934 ἀδνρούμενον
516 3855 631 3948 optimi
652 3857 728 3921 libri
748 3857 858 3924 vitiose
878 3858 962 3924 ἀν’
930 3883 1004 3940 ροομ
1007 3880 1064 3924 νον
1113 3859 1206 3925 Peius
1223 3860 1322 3927 etiarn
1345 3867 1403 3946 13,
1426 3870 1478 3934 tt.

301 3949 340 4019 ad
362 3977 463 4023 unum
483 3982 593 4024 ornnes
615 3973 739 4025 servant
759 3967 813 4027 τοῦ
839 3965 896 4043 μὲν
917 3963 1187 4043 νελαοομένον-
1208 3972 1262 4032 τοῦ
1275 3969 1313 4033 δὲ
1332 3971 1476 4054 ὀδυρομέ-

298 4080 366 4134 νου,
392 4080 451 4150 pro
469 4064 519 4127 tto
521 4087 597 4144 ρονμ
599 4063 675 4128 ένον.
710 4062 815 4147 Quis
805 4058 954 4156 igiturin
972 4065 1135 4137 lsccttm
1152 4073 1475 4158 πρύςΚαλλίμαχον.

299 4169 391 4252 535.
425 4162 512 4245 οἶμαι
540 4169 567 4233 δ’
590 4170 684 4234 οιύνὸν
710 4171 910 4256 ὀδύρεσθαι
939 4199 995 4249 την
1023 4175 1195 4242 πενίαν-
1222 4177 1275 4244 καί
1296 4165 1456 4258 λέξειν
1436 4184 1475 4255 αρ’

300 4269 385 4333 δεινοί
410 4270 574 4347 πείσεται,
610 4273 801 4342 dubitabitt
788 4278 956 4361 ύδυρείοίαι
977 4283 1151 4372 corrigere,
1168 4296 1201 4350 et
1211 4284 1452 4405 ubicumque
1443 4310 1476 4353 ru

301 4372 405 4439 simile
428 4375 539 4442 vitium
559 4378 681 4449 incidet
703 4382 816 4452 oodoni
839 4384 999 4467 remedio,
1022 4387 1111 4479 quod
1132 4387 1314 4481 saepissime
1332 4392 1477 4484 proluit,
1510 4479 1512 4482 Ι

302 4479 341 4545 de
365 4502 448 4548 novo
473 4483 547 4548 uti?
