3309 5750
795 643 860 708 191

234 837 277 907 11.
297 843 351 907 25.
379 834 492 911 adroic
523 862 559 903 τε
582 837 653 908 τοὺς
679 834 916 916 καθαρειότητος
939 838 997 916 μὲν
1022 839 1106 906 οὐδὲν
1127 846 1349 920 κοινωνοῦντας
1368 884 1414 902 -·

233 944 437 1029 σφόττομεν,
462 942 605 1033 repetitis
625 941 750 1007 duabus
769 941 922 1008 litterulis
942 942 1047 1009 scribo
1068 945 1139 1018 τοὺς
1164 941 1210 1020 ὗς.

278 1050 317 1117 In
349 1053 442 1136 518.
475 1052 510 1115 ἐκ
542 1056 597 1124 τῆς
632 1051 814 1131 ἐπιγραφῆς
849 1049 932 1121 citos
970 1049 1073 1132 πρρίως
1107 1049 1204 1124 εἴποις
1234 1054 1332 1120 τοῦτό
1360 1082 1412 1136 γε.

232 1180 298 1223 non
319 1156 381 1221 hoc
403 1156 508 1245 agitur
527 1166 634 1220 ntrurn
646 1153 788 1243 placide
806 1176 847 1218 an
868 1153 967 1219 irntus
987 1154 1202 1244 responderit,
1221 1157 1277 1223 sed
1294 1172 1414 1249 potue·

232 1265 315 1330 ritne
336 1263 528 1354 respondere
547 1283 586 1326 an
606 1283 682 1325 non.
708 1259 861 1325 Rescribe
880 1261 986 1344 ῥᾳδίως
1006 1284 1066 1351 pro
1087 1264 1203 1345 πρᾴως.
1241 1269 1259 1351 §
1284 1268 1337 1334 19.
1354 1292 1412 1359 pro

231 1370 285 1436 καί
317 1371 366 1433 ἐπ’
389 1366 541 1449 ε’λοίχιςον
571 1357 689 1432 Graece
715 1364 833 1431 dicitnr
858 1365 929 1431 κόν.
965 1369 982 1452 §
1006 1370 1060 1433 23.
1087 1369 1101 1432 ό
1124 1368 1310 1451 Συβαρίτης
1340 1375 1410 1447 τοὺς

231 1474 411 1553 θαυμαςοὺς
442 1471 550 1550 νόμους
584 1472 781 1552 συνέγραψεν
807 1472 846 1541 ὡς
875 1470 937 1550 χρὴ
969 1471 1135 1549 μαίνεσθαι
1163 1473 1217 1538 καὶ
1250 1477 1410 1556 παρατίλ-

231 1579 353 1645 λεσθαι.
379 1577 473 1643 Multi
494 1601 553 1668 pro
570 1577 734 1656 μαίνεσθαι
752 1586 963 1666 reposuerunt
978 1576 1170 1662 λεαίνεσθαι,
1187 1591 1296 1669 potest
1316 1582 1411 1649 etiam

230 1683 329 1773 paulo
349 1684 466 1749 melius
485 1681 649 1748 emendari
694 1680 867 1746 Sciendum
890 1692 937 1746 est
956 1680 988 1746 in
1007 1678 1163 1747 Codicum
1184 1685 1346 1775 scripturn
1361 1703 1409 1763 λι,

230 1802 271 1853 λυ
292 1799 324 1853 et
348 1813 374 1867 ρι
398 1789 494 1879 plane
518 1788 654 1855 eandem
679 1787 813 1854 formam
836 1786 972 1865 habere,
1001 1798 1111 1853 utrum
1130 1788 1270 1867 κοίριττω
1289 1815 1333 1858 nn
1352 1816 1410 1857 κα-

230 1893 340 1958 λθπτω
372 1896 526 1987 scripturn
561 1896 600 1961 sit
629 1894 715 1960 solus
745 1906 898 1975 accentus
927 1893 1058 1960 indicat.
1109 1894 1203 1986 dpud
1231 1896 1411 1965 Lnoulutl

232 1995 453 2067 Tmnulnuu
470 2001 503 2066 in
525 2001 634 2091 Epigr.
652 2004 704 2065 51.
730 1998 865 2066 Tom.1.
885 2024 917 2090 p.
938 2002 1012 2066 167.
1030 2001 1169 2069 Anthol.
1194 2000 1257 2071 Gr.
1277 2000 1409 2076 [icone.

409 2112 524 2189 πυρσοῦ
548 2113 639 2172 τοῦτο
661 2106 784 2178 λέοντος
808 2107 1054 2187 οὶπεΦλοιίισατο
1079 2106 1178 2187 δέρμα

452 2216 557 2283 Σῶσος
581 2210 594 2273 ό
618 2210 801 2288 βουπαλίων
825 2210 902 2290 δουρὶ
927 2209 1172 2291 φονευσοίροενος.
1206 2278 1209 2283 ,

229 2312 512 2382 thcrnusnnrus
531 2314 571 2381 nd
591 2314 775 2380 dnuonrurr
790 2338 822 2404 p.
835 2317 899 2378 190
918 2304 1028 2380 rerum
1046 2315 1163 2404 reperit
1182 2315 1197 2380 ὁ
1216 2315 1405 2397 βουτοίαων.

227 2416 342 2509 ltaque
370 2422 535 2501 μαίνεσθαι
566 2445 603 2489 ex
628 2421 802 2486 λεαίνεσθαι
828 2431 940 2485 natum
961 2431 1008 2485 est
1029 2418 1129 2508 idque
1146 2421 1337 2511 pervulgato
1357 2446 1408 2490 er·

226 2548 298 2591 rore
317 2546 359 2593 ex
378 2527 580 2594 λειαίνεσθαι.
616 2526 721 2594 Locus
742 2537 789 2593 est
813 2525 1017 2592 dursrorunn
1036 2526 1122 2616 apud
1143 2526 1300 2594 Grnnmr
1317 2528 1359 2597 Ν.
1371 2529 1408 2599 Α.

226 2629 281 2698 IV.
303 2654 371 2723 cop.
394 2637 444 2699 11.
468 2632 655 2715 Πυθαγόρας
677 2633 708 2697 δὲ
729 2638 788 2698 τῶν
813 2631 944 2712 ὀσπρίων
970 2630 1098 2709 μόλιςα
1122 2633 1175 2698 τόν
1197 2633 1320 2713 κύαμον
1341 2636 1405 2701 ε’δο-

226 2736 356 2815 κίμασε.
390 2737 477 2803 λίαν
502 2737 695 2813 κινητικόν
720 2761 756 2802 τε
785 2737 849 2817 γόιρ
876 2731 955 2801 εἷναι
981 2736 1033 2801 καί
1060 2737 1288 2818 θιαφορητικόν.
1336 2738 1404 2805 Ab·

226 2841 358 2909 surdum
380 2854 427 2908 est
448 2842 520 2908 λίαν
542 2840 705 2918 κινητικόν.
733 2840 866 2932 Scripsit
889 2840 1118 2909 dulsrofflus
1136 2842 1324 2912 λειαντικόν.
1355 2845 1405 2914 No

225 2946 353 3015 dubites
373 2947 445 3014 ride
465 2946 583 3036 quibus
606 2946 709 3012 verbis
730 2946 808 3012 hoec
829 2947 973 3014 Gnnnrus
993 2949 1123 3016 verterit
1141 2948 1269 3015 Latine:
1292 2973 1404 3041 »quo-

224 3056 318 3116 nium
353 3057 385 3117 is
422 3053 513 3117 cibus
549 3060 582 3116 et
607 3052 802 3118 subduceret
831 3047 954 3118 sensim
982 3055 1094 3120 αόυνιιο
1123 3064 1156 3120 ct
1186 3056 1405 3146 loevigaret’*

225 3155 321 3224 certa
340 3180 389 3222 res
410 3169 475 3237 est,
499 3163 537 3222 ut¹
556 3155 655 3223 rides:
677 3172 766 3223 λειαν
787 3158 821 3222 in
845 3159 918 3224 λίαν
938 3160 1037 3239 abiit,
1062 3160 1149 3250 quod
1174 3173 1336 3252 supererat
1355 3163 1403 3228 sic

223 3263 382 3332 refectum
401 3275 464 3343 est,
488 3275 525 3328 ut
546 3272 628 3328 esset
647 3273 732 3328 certe
749 3265 908 3332 Graecum
924 3266 1128 3332 vocabulum.
1174 3266 1223 3332 Dc
1243 3269 1402 3336 sententia

223 3369 288 3438 loci
311 3369 364 3434 isti
389 3391 429 3434 ne
453 3369 595 3459 cogitant
623 3367 765 3458 quidem.
783 3407 830 3420 —
846 3370 879 3435 τί
904 3370 957 3437 οἴει
981 3371 1167 3452 φαίνεσθαι,
1194 3372 1261 3438 imo
1287 3378 1402 3456 Φανεί·

223 3480 305 3544 σθαι.
332 3478 417 3561 §tc
440 3477 495 3550 την
518 3475 693 3540 νεόκτιστον
711 3476 832 3552 ταύτην
853 3475 969 3549 οίκίαν,
991 3475 1067 3565 quia
1085 3498 1181 3542 nerno
1200 3476 1280 3543 dicit
1302 3479 1401 3547 οίκίαν

221 3583 351 3667 κτίζειν,
377 3592 414 3646 ut
434 3581 540 3664 πόλιν,
572 3579 695 3670 corrige
714 3581 887 3657 νεόκτητον.
935 3579 1037 3664 Quam
1056 3581 1153 3648 focile
1176 3606 1207 3647 ισ
1227 3594 1260 3648 et
1280 3610 1297 3661 n
1321 3607 1401 3653 con·

217 3687 399 3757 >funduntur
419 3687 560 3754 Btsrlus
580 3686 710 3752 docebit
729 3697 784 3751 aut
802 3686 968 3778 quaelibet
990 3686 1240 3778 discrepantium
1260 3690 1400 3782 scriptu·

221 3817 328 3862 rarum
353 3794 487 3882 farrago.
1318 3858 1321 3863 ,

267 3899 306 3965 Iu
325 3900 409 3965 libro
430 3903 482 3966 59.
503 3899 521 3982 §
547 3900 574 3961 l.
598 3896 717 3961 πολλαὶ
744 3897 852 3963 δὲκαὶ
876 3899 984 3977 Φιλίαν
1008 3899 1221 3975 συνεκόπησαν
1246 3903 1301 3967 καί
1323 3899 1398 3970 οἶκοι

221 4005 453 4084 συνεχύθησαν,
480 4001 686 4068 vehementer
704 4015 885 4092 suspectum
909 4018 956 4070 est
975 4006 1204 4092 συνεκόπησαν,
1221 4031 1298 4074 nam
1319 4033 1400 4088 cuy-

220 4107 347 4173 κόπτειν
370 4108 482 4190 φιλίαν
509 4129 568 4197 pro
598 4108 791 4174 rescindere
814 4110 879 4175 dici
897 4134 963 4176 non
985 4124 1105 4203 potest,
1137 4137 1196 4203 pro
1214 4111 1289 4180 οἶκοι
1311 4128 1399 4184 certa

220 4211 419 4276 correctione
449 4233 569 4300 repono
598 4208 687 4292 όρκοι.
719 4213 978 4300 συγχεῖνόρκον,
1000 4218 1086 4298 όρκία
1109 4218 1259 4285 dicebant
1283 4222 1400 4290 Graeci

217 4339 351 4396 omnes,
385 4317 546 4384 Honnuus
565 4329 639 4384 ente
659 4340 779 4385 omnes.
805 4331 941 4402 συγχεῖν
962 4319 1041 4389 οίκον
1062 4322 1145 4388 nibil
1164 4338 1227 4403 est,
1251 4338 1284 4395 et
1302 4351 1399 4419 prae·

220 4422 306 4490 cedit
333 4419 405 4489 οίκοι
429 4422 583 4493 οίνοίςατον
607 4423 789 4504 γεγόνασιν.
835 4425 1021 4495 Permisceri
1048 4430 1152 4496 solent
1172 4430 1270 4514 όρκος,
1300 4433 1396 4512 ὅρκος

218 4541 252 4598 et
270 4527 365 4602 οἶκοςι
387 4527 650 4595 Tuuornnnsrus
668 4529 754 4620 opud
774 4527 956 4600 Srnurnurr
974 4534 1095 4601 Floril.
1107 4536 1221 4604 XLIV.
1240 4541 1295 4604 22.
1318 4535 1396 4605 όταν

214 4636 262 4703 ,τόν
287 4637 323 4702 εἰι
347 4638 407 4703 τῶν
434 4632 532 4714 νόμων
558 4636 722 4712 ποιήσωσιν
748 4631 808 4701 οἷον
831 4637 1022 4722 οίναγραφθην
1048 4640 1065 4717 ἢ
1098 4638 1208 4729 οίκον,Ι
1226 4656 1395 4736 receptum

213 4741 381 4832 oportuit,
410 4739 499 4834 quod
517 4741 689 4812 Gus'nnuus
711 4742 851 4832 reperit,
873 4739 969 4827 ίρκον.
1021 4745 1122 4830 Quum
1142 4735 1242 4818 incile'
1259 4761 1291 4841 1,
1315 4760 1339 4818 r
1362 4761 1396 4822 et
