3309 5750
798 592 863 654 247

244 788 347 857 scribe
365 796 405 870 τῇ
429 785 562 870 προτέρᾳ
581 795 613 850 et
630 794 670 868 τῇ
692 783 800 870 ἐτέρρι,
823 784 856 849 in
880 783 1184 854 Tuncronneoro
1201 789 1419 881 scriptumest

244 893 316 960 vn.
337 896 389 960 51.
412 903 452 976 τῇ
475 893 531 971 μέν
556 888 724 973 προτεραίᾳ
746 933 785 946 -
805 889 908 971 σκύτη
926 900 966 972 τῇ
993 891 1094 975 ἡμέρᾳ
1111 930 1158 976 .··
1176 904 1216 976 τῇ
1236 896 1262 960 δ’
1277 897 1417 983 ὑςσραίᾳ.

240 1002 326 1069 male
346 999 381 1065 V.
405 1004 456 1065 46.
479 1008 517 1081 τῇ
538 1000 563 1062 δ’
580 995 707 1078 ὑσεραίᾳ
730 996 883 1078 ἐκκλησίᾳ
901 1018 961 1085 pro
982 998 1074 1080 ὑςέρᾳ
1104 1010 1136 1063 et
1159 998 1229 1067 vll.
1252 1005 1304 1068 11.
1327 1013 1366 1084 τῇ
1391 1004 1418 1068 δ’

245 1105 373 1187 ὑςεραίᾳ
395 1102 517 1190 (μάχη)
540 1125 598 1191 pro
619 1100 720 1182 ὑςέρᾳ.
748 1112 781 1166 et
804 1100 840 1164 V.
859 1104 912 1166 75.
936 1112 973 1183 τῇ
998 1102 1028 1165 δέ
1051 1106 1218 1188 προτεραίᾳ
1241 1106 1341 1189 ἡμέρᾳ
1362 1106 1419 1173 uhi

242 1210 342 1293 ἡμέρᾳ
370 1207 627 1297 expungendum.
680 1205 776 1293 Apud
807 1204 1055 1270 Dssrosruunsu
1087 1208 1128 1271 de
1159 1208 1269 1277 Falsa
1298 1210 1418 1299 Legat.

241 1338 273 1404 p.
294 1318 378 1391 345,
399 1318 430 1378 7.
454 1322 493 1395 τῇ
515 1312 646 1392 προτέρᾳ
672 1317 730 1374 τῶν
756 1312 925 1386 ἐκκλησιῶν
955 1311 1038 1375 bene
1066 1311 1172 1377 editur
1198 1315 1307 1381 inritis
1335 1317 1417 1405 opti*

239 1420 301 1488 mis
319 1418 506 1495 Codieibus,
522 1416 556 1481 in
575 1414 691 1506 quibus
708 1427 755 1479 est
772 1416 954 1498 προτεραίᾳ,
977 1429 1087 1482 eontra
1103 1432 1176 1507 post
1191 1444 1292 1509 pauca
1312 1448 1354 1489 vs.
1368 1427 1419 1492 18.

242 1524 310 1589 6δέ
334 1526 428 1589 ταῦτ’
453 1522 544 1586 είπίον
570 1531 608 1603 τῇ
632 1520 798 1602 προτεραίᾳ
826 1521 1115 1608 praestantissimus
1136 1520 1159 1588 S
1184 1549 1327 1607 προτερον
1358 1529 1418 1595 ob-

241 1628 353 1693 trudit.
398 1627 436 1692 in
464 1625 576 1691 eadem
605 1647 646 1703 re,
665 1625 699 1690 in
722 1631 901 1691 Asscursrs
924 1626 1110 1693 defensione
1138 1632 1219 1716 §63
1248 1632 1417 1721 iegiture'r

238 1743 278 1815 τῇ
303 1733 434 1815 προτέρᾳ
464 1738 523 1795 τῶν
549 1733 717 1807 ἐκκλησιῶν
748 1742 781 1794 et
807 1741 847 1813 τῇ
873 1733 899 1796 δ’
925 1732 1053 1814 ὑτεραίᾳ
1081 1733 1178 1798 ποέλιν
1208 1735 1352 1827 [ιὶμέρᾳ].
1385 1750 1418 1806 et

240 1840 257 1922 §
280 1842 333 1904 65.
356 1847 395 1919 τη
416 1837 473 1914 μὲν
493 1834 625 1917 προτέρᾳ
647 1839 706 1898 τῶν
727 1836 898 1909 ἐκκλησιῶν
919 1836 1162 1914 συμβουλεύειν,
1188 1850 1227 1921 τῇ
1246 1842 1272 1903 δ’
1288 1844 1417 1927 ὑςεραίᾳ

241 1942 326 2031 (lege
347 1940 455 2027 ὑςέρᾳ)
474 1941 545 2012 τοὺς
570 1940 727 2019 προέδρους
748 1939 963 2023 ἐπιψηφίζειν.
989 1953 1074 2008 recte
1094 1947 1112 2029 §
1133 1944 1186 2007 66.
1211 1946 1253 2017 eie
1271 1949 1327 2021 την
1347 1950 1416 2017 rer-

238 2072 294 2130 ραν
318 2035 587 2120 ἐκκλησίαν,ὀΙίί
606 2043 763 2125 ὑπερορίαν.
800 2055 832 2108 et
857 2048 875 2130 §
898 2048 951 2110 67.
980 2047 1010 2109 ἐν
1035 2056 1075 2129 τῇ
1099 2047 1226 2131 ὑπερορίᾳ
1251 2056 1311 2114 τῶν
1334 2052 1416 2141 δυοῖν

238 2154 408 2225 ἐκκλησιῶν
438 2148 471 2214 in
505 2148 654 2232 omnibus
682 2148 772 2212 libris
802 2159 849 2213 est
882 2172 942 2238 pro
971 2149 1080 2231 ὑςέρᾳ,
1118 2151 1205 2239 quod
1237 2152 1417 2223 Bfflsltos

242 2254 388 2322 correxit.
435 2252 484 2319 Ad
515 2253 650 2318 eandem
680 2254 836 2318 rationem
864 2254 983 2319 caeteri
1002 2253 1067 2318 loci
1087 2256 1302 2324 constituendi
1323 2272 1416 2343 suunt,

239 2381 531 2449 numquamquam
550 2370 641 2423 retus
660 2356 834 2423 admodum
854 2357 881 2421 is
901 2380 988 2422 error
1008 2370 1071 2435 est,
1090 2371 1126 2422 ut
1141 2357 1321 2429 Poeuucsss
1339 2365 1414 2432 olim

240 2465 405 2556 deceperit
423 2464 614 2530 scribentem
634 2461 659 2528 1.
679 2465 733 2527 65.
757 2463 856 2544 Φαιής
874 2463 899 2540 δ’
918 2460 957 2525 ἂν
979 2497 1019 2513 -·
1038 2473 1077 2545 τῇ
1102 2467 1270 2549 προτεραίᾳ
1296 2470 1349 2533 καί
1375 2481 1414 2553 τῇ

238 2573 371 2668 προτέρᾳ
400 2581 432 2634 et
458 2593 533 2636 mor
551 2568 603 2632 καί
623 2567 752 2647 ὑπεραία
775 2566 962 2647 καὶ,ὑςέρα,
992 2577 1099 2634 tamen
1120 2580 1167 2632 est
1187 2592 1288 2650 error,
1318 2597 1416 2664 quem

238 2677 334 2766 longa
353 2675 421 2741 dies
440 2696 587 2741 excusare
607 2683 732 2763 potest,
756 2672 810 2738 sed
837 2683 872 2736 ut
892 2684 978 2737 recte
998 2672 1121 2739 dietum
1140 2676 1180 2740 sit
1199 2676 1326 2748 efficere
1349 2703 1415 2750 nou

239 2793 355 2871 potest.
1256 2861 1259 2866 ¹
1387 2845 1390 2852 .

284 2887 323 2953 In
343 2893 361 2975 §
379 2889 432 2952 23.
453 2883 554 2967 <irrep
575 2886 610 2959 tt
633 2883 701 2965 περὶ
724 2881 885 2966 τροίπεζαν
905 2881 1062 2950 λοίπτουσι
1085 2885 1138 2949 τὸν
1162 2887 1414 2968 οίνοιένμιοίμενον

239 2992 372 3065 καπνόν,
396 2990 531 3067 emenda
550 2989 704 3054 κοίπτουσι
725 2988 774 3052 rel
793 2987 903 3077 potius
923 2990 1029 3080 recipe
1048 3013 1065 3056 a
1083 2990 1190 3056 nescio
1209 3015 1274 3083 quo
1290 2993 1414 3065 dudum

238 3097 443 3166 emendatum
470 3098 504 3160 in
535 3095 685 3160 crinin
703 3095 932 3175 collectaneis,
957 3096 1074 3184 quibus
1093 3093 1244 3163 Somnus
1264 3122 1337 3165 usus
1356 3112 1415 3169 est.

240 3201 471 3270 calamitosum
501 3201 634 3265 verbum
662 3210 709 3265 est
738 3199 888 3273 κοίπτειν,
925 3201 1013 3289 quod
1041 3202 1074 3266 in
1097 3200 1270 3268 codicibus
1290 3206 1415 3294 diffiugi

238 3308 320 3372 solet
339 3309 372 3371 in
391 3307 566 3386 κοέμπτειν,
592 3304 735 3382 κόπτειν,
757 3302 919 3385 χοέπτειν,
939 3306 1119 3386 χρίμπτειν,
1142 3305 1203 3370 aiia
1214 3355 1223 3385 ‚
1244 3309 1414 3375 ridsllltu·

238 3431 447 3481 srsuuusrust
469 3411 509 3477 sd
530 3411 669 3476 Plutum
690 3432 718 3498 p.
739 3412 804 3473 314
825 3432 910 3498 sqq„
940 3410 996 3501 qui
1016 3409 1050 3474 iu
1072 3410 1176 3476 serbis
1198 3412 1416 3493 Aursscssuls

238 3520 264 3586 oi
294 3519 325 3584 δὲ
352 3518 468 3601 κέπφοι
492 3516 680 3582 οὶλίσκοντκι
709 3516 751 3595 τῷ
782 3516 884 3596 οίφρῷ.
912 3517 1060 3580 κόπτοντι
1090 3516 1271 3596 γαρ-αὐτόν
1294 3520 1415 3609 optime

237 3625 374 3690 correxit
402 3622 567 3689 κοίπτονσι.
615 3620 723 3684 Disces
742 3618 885 3683 indidem
908 3641 973 3710 quo
995 3618 1178 3703 discrimine
1199 3621 1332 3707 diremta
1352 3623 1415 3691 siut

237 3733 340 3811 σπῖον,
362 3729 497 3794 λιίπτειν
520 3739 552 3795 et
571 3723 716 3790 κοίπτειν.
757 3724 891 3814 Egregia
909 3738 957 3795 est
979 3724 1213 3795 Vincususan
1231 3729 1414 3814 emendatio

236 3834 270 3907 in
295 3834 547 3907 Ensrosrunars
573 3829 833 3899 Calacteriemie
853 3836 906 3899 38.
929 3832 976 3919 (in
1000 3833 1107 3900 cun
1129 3830 1249 3925 Opuse.
1271 3836 1414 3924 Mythot

237 3963 270 4028 p.
285 3940 370 4026 131.)
397 3934 483 4011 οὗτός
507 3941 571 4008 έςιν
598 3937 612 4001 ἐ
636 3937 742 4016 μέγας
763 3937 955 4016 καλούμενος
975 3939 1082 4020 ἰχθὺς,
1103 3935 1214 4006 ἓνκαὶ
1238 3951 1344 4007 πιεῖν
1361 3941 1414 4011 λέτ

237 4067 327 4122 γουσι
359 4043 395 4106 τέ
424 4042 498 4123 ὕδωρ
531 4051 588 4116 τῆς
620 4047 675 4107 τοῦ
711 4041 856 4124 ὑδροχέου
883 4043 1055 4126 έκχιίσεος.
1087 4043 1122 4111 iu
1148 4044 1201 4115 καί
1232 4056 1314 4113 πιεῖν
1334 4045 1415 4131 sidit

237 4147 381 4229 κοίπτειν,
401 4148 509 4214 latere.
553 4147 656 4237 Supra
676 4171 707 4236 p.
733 4155 785 4215 58.
806 4148 1018 4213 Auclruucsr
1041 4147 1167 4215 reddidi
1180 4151 1236 4233 οιίΙ
1250 4149 1413 4226 οίλνίτεκες

236 4253 296 4326 τοὶς
319 4258 421 4336 ρ’ίιριαρ
443 4254 578 4320 ἔκοπτον
611 4275 671 4342 pro
696 4252 843 4329 ἔκοπτον,
869 4265 901 4318 et
925 4254 997 4342 quis
1017 4253 1050 4319 iu
1068 4255 1265 4321 Prurilscfll
1284 4256 1367 4323 libro
1386 4258 1413 4339 ei

238 4360 437 4439 πρεσβυτέρᾳ
456 4357 654 4422 πολιτευτέον
675 4380 705 4446 p.
718 4359 791 4422 786.
811 4375 841 4419 Δ.
862 4356 918 4419 ubi
938 4358 1075 4423 Arcades
1091 4360 1227 4425 inritant
1246 4360 1414 4426 Thebanos

239 4461 326 4527 utin
346 4461 458 4526 urbem
478 4460 601 4552 ingredi
622 4472 653 4526 et
673 4461 706 4524 in
733 4459 865 4526 aedibus
887 4461 950 4525 suis
973 4461 1122 4550 hyemare
1144 4464 1261 4544 velint,
1287 4465 1414 4530 lirim-

239 4585 367 4633 1100040
387 4566 547 4633 dissuadet
566 4568 614 4636 his
632 4567 752 4635 verbis:
777 4574 828 4634 νῦν
844 4569 902 4647 μέν
921 4568 1131 4653 έαυμοέζονσιν
1150 4572 1234 4650 ὑμᾶς
1254 4570 1306 4634 καί
1327 4573 1414 4636 θεῶν·

236 4693 291 4736 ται
323 4670 396 4751 πρὸς
430 4670 473 4736 τέι
502 4667 588 4739 ὅπλα
614 4674 867 4758 γυμναζομένους
897 4673 950 4737 καί
977 4673 1194 4750 παλαίοντας,
1220 4673 1260 4741 ίιν
1285 4674 1316 4740 δέ
1339 4676 1412 4761 πρὸς
