3309 5750
821 642 885 706 2⁷1

265 837 409 917 οἰθριενον.
454 836 610 906 Ιοοοιιιτν
636 859 674 904 ex
706 833 808 903 codd.
840 834 937 905 ΔΤΥ.
962 837 1111 929 imperite
1132 841 1253 934 recepit
1273 841 1437 926 πράξειεν,

260 944 353 1035 ,quod
383 944 465 1012 bena
494 946 683 1029 Brundus-
701 941 890 1012 erturbarit.
938 942 978 1009 In
999 944 1199 1014 Tnucrnlnn
1220 947 1310 1014 locus
1331 962 1378 1016 est
1398 950 1438 1021 V.

264 1055 318 1117 90.
348 1052 466 1117 δυνατοὶ
497 1054 528 1119 δὲ
554 1055 580 1118 oi
597 1052 795 1134 προῦχοντες
821 1048 993 1131 πράσσουσι
1015 1052 1067 1117 καὶ
1097 1055 1124 1118 οἱ
1149 1054 1289 1126 ἀσθενεῖς
1308 1055 1437 1136 ξυγχω-

263 1162 366 1236 ροῦσι,
391 1180 487 1247 quem
512 1146 736 1247 nemo'capiet
766 1156 823 1246 qui
844 1179 910 1221 non
930 1156 1109 1236 Buncusrt,
1132 1159 1158 1223 si
1186 1158 1269 1224 bene
1286 1160 1439 1242 memini,

262 1261 477 1329 coniecturam
499 1264 726 1345 προστάσσουσι
749 1262 914 1353 probabit:
940 1261 1147 1330 haerentem
1171 1264 1197 1328 si
1217 1264 1338 1354 ubique
1357 1288 1437 1333 con-

261 1365 356 1431 fundi
386 1368 525 1448 ridebis,
558 1368 637 1459 quid
667 1368 755 1434 aliud
787 1391 899 1435 causae
927 1391 994 1435 esse
1025 1370 1111 1435 dices
1132 1392 1229 1460 quam
1251 1372 1436 1461 neglectum

262 1475 535 1564 compendiolum.
580 1474 777 1542 Procedente
807 1488 949 1567 tempore
974 1477 1083 1567 plures
1107 1500 1234 1569 semper
1255 1478 1381 1545 codices
1405 1489 1438 1544 et

262 1579 393 1645 tandem
425 1580 660 1675 propemodum
689 1603 797 1649 omnes
819 1605 838 1649 a
860 1580 1084 1673 taohygrophis
1102 1582 1199 1649 scribi
1218 1586 1327 1675 coepti
1344 1594 1438 1663 sunt,

263 1685 318 1774 qui
347 1698 451 1756 vetera
478 1687 667 1779 compendia
693 1688 876 1755 retinebunt
896 1691 1016 1756 amotas
1041 1695 1089 1767 θσ,
1113 1715 1210 1766 ανοσ,
1228 1715 1334 1766 ουνοσ,
1352 1716 1433 1776 πηρ,

260 1802 405 1887 (τρυιοσ,
443 1822 550 1879 πριοσ,
581 1800 768 1878 φιλοπρισ),
800 1820 882 1877 μηρ,
917 1823 972 1877 υσ,
1005 1824 1060 1880 σηρ
1091 1800 1210 1886 (σηρια)
1243 1825 1323 1879 πνα,
1348 1826 1433 1884 spor,

261 1907 388 1993 (sparus
421 1912 565 1990 ςροιριιι),
597 1901 659 1966 alia
692 1899 867 1991 quaedam,
895 1925 955 1991 pro
983 1904 1064 1978 θεός,
1091 1903 1264 1985 ἄνθρωπος,
1287 1906 1432 1986 οὐρανός,

258 2010 363 2090 πατθρ
385 2009 571 2098 ’(τατρῶιος,
589 2006 969 2096 πάτριοςςφιλθπατρις)
990 2012 1109 2091 μήτηρ,
1133 2008 1215 2083 vide,
1241 2011 1340 2090 σωτήρ
1362 2011 1435 2098 (σω-

255 2115 380 2202 τηρία),
406 2117 552 2191 πνεῦμα,
575 2113 685 2193 ταυρθς
707 2114 896 2199 (ςαυρῑισαι,
918 2115 1097 2204 ςαθροιμα).
1125 2113 1262 2182 Nullum
1280 2115 1345 2181 ridi
1363 2140 1433 2186 um-

255 2239 354 2308 quam
378 2216 523 2282 codicem
553 2230 612 2281 aut
637 2216 757 2282 codicis
784 2217 975 2307 scripturas,
1009 2219 1066 2286 ubi
1091 2243 1157 2288 nou
1186 2232 1242 2285 aut
1265 2220 1345 2287 haec
1365 2224 1431 2313 ipsa

255 2333 460 2414 apparerent,
487 2334 541 2386 aut
570 2322 644 2387 ritia
671 2320 747 2387 hinc
772 2335 919 2413 suscepta
938 2337 973 2391 ut
989 2325 1023 2391 in
1043 2348 1149 2393 errore
1167 2326 1300 2416 antiqua
1319 2351 1434 2396 manus

253 2429 440 2520 pelluceret.
462 2428 584 2494 Horum
599 2428 743 2495 omnium
756 2443 842 2493 certa
855 2442 902 2494 est
914 2430 1095 2497 emendatio
1108 2444 1143 2499 ut
1153 2430 1310 2496 ridiculus
1324 2433 1365 2498 sit
1376 2434 1432 2522 qui

254 2556 320 2600 non
343 2534 540 2599 assentiatur.
589 2533 628 2599 in
650 2535 790 2600 Armant
815 2533 862 2599 V.
882 2533 929 2599 Ji.
949 2532 1009 2601 111.
1030 2538 1083 2600 26.
1104 2533 1223 2600 dicitur
1243 2558 1296 2602 rer
1316 2561 1436 2604 amcos

245 2642 393 2729 patriae
409 2638 582 2720 Φιλόπαις,
602 2662 661 2728 pro
673 2627 821 2721 Φιλθπρις
840 2636 861 2703 i.
873 2659 901 2704 e.
913 2638 1126 2719 Φιλόπατρις,
1150 2639 1206 2706 ubi
1225 2639 1434 2722 (inuadunt,

252 2744 310 2834 qui
335 2767 372 2809 ex
400 2743 631 2810 tarsrrrrsro
657 2746 748 2811 affert
777 2743 979 2810 simillimum
1002 2742 1190 2825 φιλόπαιδα
1211 2745 1357 2822 ρυναικθς
1372 2771 1432 2838 pro

251 2849 498 2932 φιλοπάτριδοο,
530 2862 636 2916 tamen
670 2851 781 2917 abiicit
808 2849 1018 2916 certissimam
1048 2848 1323 2931 emendationem,
1356 2854 1432 2942 quia

251 2953 406 3042 originem
426 2955 541 3021 erroris
561 2979 624 3022 nou
644 2969 859 3048 perspexerat.
883 2955 923 3020 ln
943 2954 1034 3021 Ister
1054 2955 1235 3046 fragmento
1253 2963 1274 3024 3
1294 2958 1428 3048 legitur:

251 3059 431 3139 ἠβουλόμην
462 3062 534 3146 μὲν,
558 3058 579 3128 ri
606 3061 712 3144 ἀνδρες
740 3063 884 3138 δικαςαθ,
909 3064 953 3141 μη
974 3062 1048 3127 λίαν
1068 3061 1162 3136 οὕτως
1183 3065 1429 3142 ἀγνοηθέντα

249 3165 322 3245 πρὸς
357 3168 499 3246 χρήματ’
536 3166 623 3248 ἔχειν
655 3170 793 3249 αἰσχρῶς
829 3167 887 3237 ὅτε
917 3175 982 3239 τοῖς
1012 3167 1188 3247 ἀλλοτρίοις
1213 3169 1429 3247 ἐπιβουλεύειν

248 3268 301 3333 καὶ
334 3268 423 3341 δίκας
448 3271 599 3342 τοιούτοις
627 3271 821 3351 λανχάνειν.
853 3269 1027 3337 admodum
1050 3270 1225 3336 ridiculum
1245 3272 1356 3339 vitium
1380 3286 1427 3339 est

247 3373 282 3438 in
314 3374 522 3452 ἀρνοηθένται
558 3375 692 3442 emenda
725 3375 902 3453 Ἀννθθεον,
937 3375 1024 3464 quod
1053 3376 1208 3464 scriptum
1243 3366 1427 3446 arranem*

247 3478 326 3544 abiit
354 3478 388 3543 in
415 3478 639 3568 participium:
667 3478 858 3545 facillimum
889 3491 956 3545 erat
975 3481 1027 3544 τὸν
1048 3481 1242 3558 ἀγνοηθέντα
1261 3483 1423 3561 ‘system

246 3582 411 3652 extrahere
438 3607 474 3650 er
494 3583 542 3649 his
561 3585 692 3650 latebris
711 3583 832 3649 indicio
855 3583 1151 3650 Hrnrucnsrmrtls
1170 3605 1200 3652 v.
1220 3587 1424 3665 ἐπισημαίνε-

245 3692 316 3756 σθαι
337 3687 496 3755 laudantis
513 3692 626 3755 Ἰσαῖον
650 3690 680 3754 ἐν
702 3699 741 3772 τῇ
762 3691 835 3770 πρὸς
857 3690 1018 3769 Ἀννθθεον
1039 3690 1212 3774 ἀπολογίη.
1254 3689 1424 3761 Eiusdem·

244 3794 333 3861 modi
352 3817 494 3861 errorum
517 3795 615 3885 plena
636 3807 710 3861 suut
723 3795 832 3861 omnia
853 3807 884 3861 et
900 3796 932 3861 iu
945 3796 1239 3887 Lucrsruquoque
1251 3809 1298 3862 sat
1310 3822 1423 3890 magna

244 3911 292 3964 est
310 3899 412 3988 copia.
460 3900 585 3967 Deinde
606 3900 818 3992 tachygraphi
835 3924 894 3991 pro
915 3901 1059 3991 qualibet
1080 3902 1305 3971 terminatione
1323 3907 1421 3996 paulo

243 4003 460 4094 frequentiore
478 4018 587 4072 notam
609 4008 780 4097 quamdam
801 4018 919 4073 certam
938 4018 1171 4085 assumserunt,
1196 4006 1313 4075 formas
1332 4011 1421 4078 litte-

242 4133 350 4179 rarum
386 4111 603 4200 complurium
623 4113 781 4191 'breviore
813 4113 913 4179 ductu
952 4114 1145 4203 copularunt
1175 4125 1206 4179 et
1238 4139 1297 4204 pro
1327 4119 1421 4186 certis

207 4275 209 4279 ,
242 4216 383 4306 denique
411 4219 516 4283 verbis
536 4218 628 4309 siglas
647 4220 712 4285 sire
731 4232 822 4286 notas
841 4231 941 4284 certas
959 4242 1080 4309 ponere
1100 4233 1284 4310 coeperunt.
1323 4225 1420 4293 Prae·

241 4333 326 4389 terea
358 4323 485 4390 vocales
515 4324 549 4390 in
580 4325 749 4390 scribendo
779 4326 932 4391 omittunt
961 4338 993 4391 et
1020 4326 1157 4413 syllabas
1187 4328 1417 4399 vocabulorum

241 4429 368 4495 ultimas
398 4443 541 4498 resecant
571 4455 589 4497 a
620 4431 741 4497 lectore
770 4428 981 4520 supplendas,
1015 4443 1047 4497 et
1076 4432 1186 4497 multis
1213 4433 1284 4498 aliis
1313 4436 1416 4503 modis

239 4535 402 4601 scribendi
422 4538 586 4627 negotium
607 4538 794 4605 accelerant.
830 4536 868 4601 In
889 4535 939 4601 his
961 4537 1109 4604 omnibus
1128 4539 1173 4605 ita
1195 4538 1417 4623 versabantur,

240 4641 370 4731 utquid
387 4655 467 4709 esset
483 4645 635 4737 scriptum
654 4657 708 4711 aut
725 4643 940 4735 significatum
958 4642 1078 4734 ubique
1093 4643 1219 4734 liquido
1234 4657 1415 4734 appareret,

236 4744 275 4814 iis
304 4758 390 4815 certe
409 4747 464 4839 qui
485 4748 605 4818 Graece
626 4751 744 4819 scirent
762 4761 794 4818 et
813 4748 876 4817 lroc
896 4760 1040 4839 agerent,
1058 4771 1127 4819 nou.
1143 4748 1281 4819 indoctis
1302 4751 1412 4821 scribis
