3309 5750
790 641 855 707 245

241 840 389 909 Graeculi
405 836 467 905 hoe
482 857 612 929 quoque
626 832 813 914 nesciebant
826 845 859 899 et
871 847 1046 925 coeperunt
1060 829 1241 919 πατριώτας
1253 842 1312 930 pru
1323 842 1419 907 roll-¹

237 971 298 1019 τας
317 946 432 1011 dicere.
460 942 587 1033 Insigne
604 940 699 1007 huius
710 939 756 1004 rei
767 939 949 1029 exemplum
960 939 1177 1008 Senssrsnus
1189 944 1229 1008 ad
1241 944 1414 1014 &cenant

240 1051 437 1117 Thesaurnnr
455 1052 564 1116 attulit
583 1073 620 1115 ex
637 1048 826 1113 inunurcno
837 1094 846 1124 ,
865 1047 922 1135 qui
941 1069 996 1111 sua
1017 1047 1112 1123 rerba
1133 1047 1174 1113 de
1192 1051 1286 1117 tririo
1309 1067 1413 1120 sumta

238 1157 413 1223 admiscere
432 1158 512 1223 solet
529 1155 623 1233 locis,
652 1177 732 1244 qnos
753 1176 790 1218 ex
811 1152 939 1242 optimis
961 1153 1169 1243 scriptoribus
1188 1169 1353 1247 excerptos
1374 1158 1420 1224 ad·-

237 1264 456 1354 Pythagorae
483 1268 588 1328 vitam
617 1260 826 1327 enarrandam
858 1260 1034 1351 componit.
1082 1261 1187 1327 Locus
1212 1274 1260 1328 est
1281 1284 1350 1352 cap.
1375 1263 1412 1330 V.

240 1374 329 1456 §21.
354 1374 468 1448 γεῦσαι
500 1369 649 1446 ἐβούλετο
675 1372 731 1439 τῆς
758 1371 817 1429 τῶν
845 1367 1043 1444 μαθημάτων
1071 1376 1226 1459 καλλονῆς
1253 1371 1324 1441 τοὺς
1351 1394 1415 1434 ιτα-

237 1476 388 1557 τριάτας,
424 1472 511 1561 quod
543 1467 608 1536 tarn
636 1470 798 1536 abiectum
831 1483 882 1536 etv
893 1472 1059 1561 plebeium
1086 1485 1133 1537 est
1156 1486 1254 1564 atque
1273 1473 1306 1538 id
1327 1474 1415 1565 quod

211 1653 213 1656 ,
239 1578 326 1670 apud
345 1578 526 1642 Lucrinum
545 1575 641 1640 borno
660 1576 773 1640 doctus
791 1586 823 1640 et
843 1576 943 1641 salsus
963 1576 1091 1650 irridet,
1111 1581 1170 1657 76,
1188 1586 1217 1644 5.
1240 1580 1312 1669 (qui
1329 1601 1417 1645 nunc

240 1681 410 1763 Σωκράτας
440 1684 454 1746 ά
485 1683 548 1747 άπὸ
576 1681 689 1761 Μόψον
720 1681 871 1781 dicitur„
889 1705 948 1771 ego
978 1705 1050 1747 eum
1081 1706 1147 1748 esse
1177 1686 1322 1775 suspicor
1350 1688 1414 1752 άτὸ

237 1788 353 1868 Μόψου
378 1787 479 1871 icles)
510 1786 566 1876 qui
588 1807 687 1876 quum
710 1787 849 1851 audisset
870 1786 1047 1852 dicentem:
1072 1790 1247 1869 πατριώτας
1270 1789 1317 1857 tet
1338 1814 1415 1869 μοι,

238 1892 418 1984 respondit:
445 1893 611 1964 ἐλάνθανες
637 1890 700 1973 άρα
724 1891 996 1974 ἦμάςβάρβαρος
1018 1894 1067 1959 άν.
1116 1893 1154 1958 ln
1174 1900 1191 1982 §
1213 1899 1241 1959 4.
1265 1896 1310 1972 μὴ
1331 1917 1416 1975 περι·
1490 1910 1493 1915 ·

238 2000 302 2082 ligr
335 1999 555 2079 άναςρέψοντα
591 1985 699 2086 neque
729 1997 862 2087 cogitari
893 2015 997 2087 neque
1026 1997 1091 2062 dici
1118 2010 1224 2088 potest
1252 1999 1308 2064 sed
1337 2000 1416 2065 άνα-

239 2104 416 2186 τρέψαντα.
991 2164 993 2167 ,
1025 2097 1027 2102 ’

245 2244 254 2254 ··
284 2208 323 2273 ln
343 2207 427 2272 libro
445 2213 510 2279 πῶς
535 2209 583 2272 δεῖ
603 2207 718 2288 ίςορίαν
744 2208 946 2290 συγγράφειν
973 2212 1032 2286 25,
1053 2212 1082 2274 7.
1107 2210 1154 2281 είς
1173 2208 1251 2291 ὕψος
1276 2210 1416 2291 ἐπαίρον-

238 2339 307 2389 τες,
332 2315 401 2403 lege
421 2312 567 2393 αἴροντες.
602 2316 621 2397 §
645 2317 695 2377 14.
719 2306 936 2390 Οὐολόγεσος,
957 2306 1204 2379 rerum-nomen
1230 2327 1277 2380 est
1298 2315 1419 2380 Οάολί·“

237 2442 362 2500 χαιοος.
393 2419 412 2501 §
436 2419 488 2481 15.
513 2416 828 2493 Ποροτνριουιιολίτνς,
855 2410 1007 2482 sincerior
1026 2415 1128 2483 forrna
1148 2431 1194 2484 est
1214 2430 1415 2498 Πομτιριοιιο-

238 2526 345 2600 λίτιρς,
379 2522 527 2611 analogia
556 2520 643 2611 apud
672 2534 794 2588 veteres
823 2524 999 2597 constanti,
1030 2535 1065 2587 ut
1093 2524 1127 2587 in
1156 2516 1298 2601 Μεγάλη
1324 2523 1415 2596 πόλις

239 2628 530 2708 Μεγαλοπολίτης,
561 2626 707 2691 Ἀνταίου
729 2627 819 2699 πόλις
844 2628 1120 2704 Ἀνταιοιτολίτνρς,
1140 2626 1330 2708 Ἀρχάνδρου
1358 2627 1416 2693 τί·

238 2731 637 2815 λιςίἈρχανδροντολίτνρς,
670 2732 816 2796 Γλαύκου
846 2733 942 2810 δῆμος
981 2733 1230 2810 Γλαυκοδάμιος,
1266 2732 1413 2805 Γυναικάς

238 2839 331 2911 πόλις
359 2836 639 2912 Γυναικοτολίτνς,
665 2835 840 2917 Δράκοντος
872 2845 960 2912 νῆσος
990 2836 1293 2918 Δρακοντονιροίτνρς,
1322 2839 1414 2914 Καλὴ

239 2946 321 3021 άκτιί
346 2950 561 3016 Καλακτῖνος,
587 2954 619 3008 et
640 2943 702 3007 clia
722 2943 824 3008 multa
844 2942 930 3033 apud
950 2942 1158 3010 Srnrnanuu
1180 2944 1414 3023 Brzanrrrmr,

239 3051 273 3116 in
304 3048 420 3140 quibus
449 3047 580 3113 nomina
607 3048 737 3113 urbium
769 3050 856 3113 κατά
882 3049 1051 3130 παράθεσιν
1071 3049 1273 3128 scribuntur,
1296 3049 1351 3115 sed
1370 3049 1415 3114 τά

238 3155 341 3220 ίίνικά
365 3151 451 3217 κατά
476 3153 624 3219 σύνθεσιν.
670 3153 820 3218 Graeculi
841 3154 1021 3243 peccabant
1041 3154 1184 3220 dicentes
1203 3155 1414 3222 Κωςαντινοά·

236 3274 347 3333 τολις,
378 3258 487 3345 itaque
517 3257 669 3324 admonet
688 3257 887 3324 Snnrnauus
905 3282 972 3325 esse
994 3262 1045 3325 δύο
1067 3259 1145 3340 μίριρ
1167 3258 1284 3335 λόγον,
1310 3259 1344 3323 ἰοί
1367 3271 1417 3324 est

237 3361 431 3431 Καταντίνου
450 3363 541 3435 πόλις
563 3386 630 3429 esse
646 3363 869 3442 scribendum,
888 3362 979 3454 quod
998 3364 1185 3430 Metuentes
1205 3362 1312 3427 nescio
1333 3384 1415 3453 quo-

239 3466 337 3534 modo
366 3467 482 3556 possim
512 3469 670 3559 neglexit,
699 3468 785 3560 apud
809 3491 906 3559 quern
929 3481 975 3534 est
998 3469 1252 3542 Ἀνταιοάιτολις,
1276 3471 1416 3550 Ἀρχαι-

208 3607 214 3624 =
238 3573 416 3656 δροάτολις,
440 3573 603 3647 Νεάιτολις
622 3587 681 3641 etc.
706 3577 806 3642 Recte
827 3575 998 3644 Luctibus
1015 3578 1116 3653 32,1.
1143 3595 1179 3638 ex
1196 3574 1334 3651 Ἀβώνου
1351 3581 1417 3639 τεί-

239 3701 298 3760 χος
320 3678 468 3744 formavit
487 3680 770 3761 Ἀβωνοτειχίτου,
794 3690 826 3747 et
852 3682 997 3747 nondum
1021 3681 1086 3745 illis
1106 3678 1305 3770 temporibus
1325 3678 1358 3742 in
1371 3700 1418 3742 ea
1438 3713 1441 3716 ⁴

239 3807 274 3850 re
294 3797 463 3876 peccatum
482 3808 549 3851 esse
569 3787 713 3853 arbitror.
761 3793 779 3876 ς
802 3772 853 3854 19.
878 3790 952 3870 ’πρὸς
973 3790 1015 3853 τά
1034 3787 1218 3868 σαφές-κτον
1245 3784 1298 3848 καί
1323 3778 1416 3877 ίοχυὲ

239 3889 378 3973 ρίτατον.
410 3890 553 3981 suspicor
580 3892 768 3973 ἰσχνότατον
795 3916 905 3960 verum
925 3902 1002 3960 e‘sse.
1037 3896 1129 3981 §222
1155 3888 1287 3955 άταντα
1312 3888 1417 3953 ἐκεῖνα

239 3992 535 4084 legerim-inerret
568 3998 610 4062 τά
648 4001 722 4064 ἐκεῖ.
764 4005 782 4088 §
812 4005 867 4066 32.
900 4001 1054 4083 άξιίρατοι
1085 3997 1208 4084 corrige
1234 3993 1415 4070 άξιοάίατα.

240 4105 333 4192 534.
357 4121 415 4190 pru
443 4101 518 4165 άπὸ
542 4101 688 4188 Κόνωνος,
711 4106 786 4171 άπὸ
806 4105 1023 4187 Λεωτροφίδου
1050 4104 1097 4168 bis
1119 4101 1222 4167 scribe
1243 4099 1258 4162 ἐ
1281 4148 1288 4163 .
1322 4098 1418 4182 §383

239 4207 287 4275 άτι
314 4207 444 4286 άλίίριος
473 4203 526 4267 καί
561 4209 691 4283 μανικὸς
722 4207 876 4291 άνίροιτος
909 4206 995 4284 οὗτος
1027 4206 1073 4285 ἦν.
1115 4201 1418 4283 Ειηοηιίυάλεάρος,

243 4336 308 4405 quo
338 4310 484 4377 convicio
514 4332 607 4400 saepe
637 4312 807 4380 Lucrinus
839 4314 959 4394 utitur,
996 4338 1014 4380 a
1043 4315 1264 4379 Dsnosanrnn
1294 4314 1418 4386 snrnto,¹

242 4420 332 4485 cuius
351 4417 514 4483 notissima
535 4428 609 4482 sunt
629 4416 748 4499 ίλεάρος
764 4421 932 4494 Μακεδών,
955 4420 1075 4501 άλεάρος
1094 4414 1325 4501 γραμματεύς,
1346 4412 1417 4479 ulie.

244 4524 396 4591 inuritur
426 4531 532 4617 autem
561 4525 733 4591 Lucanus
763 4548 801 4590 eo
831 4526 1007 4604 vocabulo,
1039 4527 1092 4591 cui
1121 4524 1260 4618 eundern
1290 4526 1418 4584 sensum

243 4630 356 4696 tribuit
384 4621 481 4718 atque
501 4629 661 4713 κάθαρμα.
688 4633 849 4699 veteribus
871 4634 956 4699 enim
975 4631 1126 4721 Ικάθαρμα
1150 4631 1278 4705 odium,
1298 4624 1418 4705 ὄλεθρον

241 4745 440 4806 contemtum
456 4734 614 4825 signifieat
627 4749 660 4804 et
677 4737 797 4822 ίλεάρος
814 4751 862 4806 est
880 4737 980 4806 homo
998 4726 1134 4807 obseurc
1150 4747 1182 4804 e't
1198 4730 1327 4802 sordido
1343 4729 1417 4797 loco
