3309 5750
788 613 852 690 272

239 825 272 879 et
301 809 434 901 stupidis
464 822 496 875 et
522 809 600 875 alias
621 828 669 873 res
691 808 878 898 agentibus,
901 832 982 901 quos
999 810 1036 876 in
1056 834 1187 903 quoque
1209 812 1300 879 libro
1329 836 1418 905 saepe

237 917 345 985 ridere
367 927 413 980 est
432 914 604 981 ridiculum
628 915 661 980 in
679 910 811 981 modum
832 917 916 981 notis
935 915 1190 1009 tacbygrapbicis
1209 919 1371 1010 deceptos
1387 934 1416 987 et

240 1021 501 1113 compendiorum
534 1022 655 1111 laqueis
685 1022 831 1087 irretitos.
888 1022 935 1087 De
965 1023 1021 1088 illa
1052 1024 1172 1114 ingenti
1200 1024 1300 1114 copia
1332 1047 1414 1090 nunc

240 1151 355 1220 paucas
383 1128 539 1219 quasdam
571 1128 822 1217 praepositiones
852 1128 1082 1209 delibabimus,
1115 1130 1149 1194 in
1179 1131 1304 1219 quibus
1335 1132 1413 1196 male

239 1234 459 1327 permutandis
487 1233 729 1299 hallucinantur
749 1233 871 1298 librarii
891 1246 924 1299 et
943 1235 1066 1301 faciunt
1084 1248 1121 1301 ut
1141 1247 1229 1301 certa
1249 1247 1339 1325 qnae
1358 1236 1413 1301 siut

238 1343 360 1406 incerta
388 1339 565 1406 rideantur.
613 1338 717 1403 Prima
747 1351 815 1404 esto
842 1340 1035 1429 praepositio
1065 1340 1157 1422 πρός,
1184 1341 1280 1405 euius
1308 1364 1348 1406 ea
1370 1353 1411 1407 est

237 1447 314 1537 sigla
347 1445 566 1523 usitatissima,
599 1467 695 1535 quarn
722 1444 862 1511 Basrrus
882 1445 915 1509 in
938 1469 990 1511 aes
1009 1445 1214 1511 incidendam
1236 1447 1366 1514 curarit
1383 1448 1411 1512 ia

244 1552 422 1618 Commeat.
451 1551 635 1641 Palaeogr.
660 1550 738 1616 Tab.
760 1549 803 1617 ll.
826 1555 845 1615 2
868 1563 900 1615 et
922 1557 953 1622 3.
997 1550 1060 1635 Qui
1079 1554 1190 1643 siglam
1210 1574 1280 1618 non
1301 1564 1413 1618 norant

239 1658 393 1749 sequioris
418 1658 529 1722 aetatis
559 1656 681 1721 scribae
704 1678 764 1745 pro
787 1656 861 1736 πρός
882 1656 957 1721 dare
978 1657 1081 1722 solent
1101 1656 1208 1754 νινετόν,
1231 1658 1317 1735 ἀπό,
1341 1659 1410 1735 καὶ,

237 1769 293 1843 ὡς,
320 1786 457 1854 quorum
490 1764 632 1828 omnium
661 1774 756 1827 notae
776 1785 841 1827 non
863 1773 938 1826 sunt
958 1761 1132 1827 admodum
1152 1760 1344 1840 dissimiles,
1363 1775 1413 1827 aut

240 1870 297 1934 ubi
323 1870 590 1960 praepositionem
614 1868 742 1933 subesse
759 1867 964 1958 intelligunt,
988 1872 1070 1957 quae
1090 1867 1129 1931 sit
1147 1877 1257 1930 autem
1278 1888 1412 1956 praepo·

239 1974 311 2040 sitio
331 1975 375 2039 sic
394 1985 501 2038 notata
524 1973 689 2062 ignorant,
706 1985 832 2062 ponunt
854 1973 947 2057 aliam
969 1972 1161 2063 quamlibet,
1181 1993 1267 2061 quae
1285 1982 1410 2036 senten·

241 2080 303 2144 tiae
335 2090 511 2168 utcumque
542 2076 776 2143 accommodari
805 2102 898 2167 posse
927 2078 1091 2157 rideatur,
1122 2077 1281 2168 imprimis
1311 2077 1412 2158 πνρό,

236 2184 295 2251 lari·
318 2197 349 2250 et
378 2184 560 2274 saepissime
589 2186 654 2263 εἰς,
688 2195 745 2249 aut
773 2183 914 2274 denique
940 2183 1155 2274 importunam
1179 2191 1293 2248 notam
1319 2183 1411 2273 plane

237 2290 406 2380 negligunt
427 2283 458 2356 et
482 2292 652 2368 omittunt,
672 2290 758 2356 unde
781 2291 855 2372 πρός
878 2303 941 2355 tarn
963 2312 1058 2380 saepe
1075 2289 1412 2379 sinerestigioiuter·

236 2399 284 2464 ire
320 2396 409 2462 solet.
467 2397 512 2462 lla
541 2397 626 2462 fraus
655 2409 762 2487 potest
789 2401 1032 2487 nonnumquam
1063 2396 1354 2487 quamristloctos
1382 2408 1411 2462 et

238 2516 347 2570 acutos
374 2503 509 2569 lectores
539 2503 666 2582 fallere,
701 2501 738 2567 'at
759 2503 941 2592 saepissime
966 2502 1236 2592 deprehenditur,
1260 2501 1321 2568 ubi
1343 2502 1411 2583 πρός

237 2609 447 2677 necessarium
471 2621 517 2674 est
538 2621 569 2674 et
588 2609 670 2673 male
690 2608 905 2688 desideratur,
930 2620 985 2672 aut
1004 2608 1060 2672 ubi
1076 2610 1119 2681 εἰς
1140 2619 1273 2698 apparet
1291 2620 1326 2675 et
1341 2610 1410 2691 arpis

237 2716 427 2807 requiritur,
456 2728 510 2780 aut
539 2738 598 2805 pro
619 2714 692 2795 πρός
711 2727 821 2780 contra
849 2714 1043 2780 Graecorum
1064 2713 1334 2781 consuetudinem
1352 2714 1410 2780 alia

238 2822 368 2914 quaeris
398 2813 592 2911 praepositio
620 2832 800 2911 comparet,
832 2834 887 2886 aut
907 2822 1019 2887 rocula
1041 2819 1223 2912 quaelibet,
1247 2844 1333 2912 quae
1352 2834 1411 2888 taur

237 2930 418 3017 importuna
439 2938 486 2990 est
507 2947 543 2990 ac
563 2926 636 3005 πρός
659 2937 706 2990 est
725 2927 919 2992 conveniens
939 2940 970 2992 et
990 2939 1112 3017 aptum.
1160 2926 1412 3018 Nonnumquam

238 3031 416 3097 contrarius
436 3030 755 3095 errorcommittitur
771 3042 803 3095 et
821 3031 894 3111 πρός
911 3032 1028 3120 legitur
1045 3032 1101 3097 ubi
1117 3032 1178 3097 alia
1194 3034 1301 3098 omnia
1318 3034 1412 3100 scribi

237 3137 385 3203 debuisse
409 3148 543 3201 constet.
591 3136 648 3200 His
668 3136 765 3226 igitur
786 3137 935 3203 omnibus
956 3150 1078 3204 certum
1100 3138 1335 3207 emendationis
1355 3165 1412 3233 pa-

142 3232 159 3253 ''
239 3255 341 3309 ratum
368 3241 561 3333 praesidium
591 3254 657 3322 est,
678 3242 702 3308 si
724 3243 770 3308 uti
793 3243 872 3309 scies
890 3256 923 3309 et
942 3245 1083 3311 audebis.
1130 3246 1258 3341 Inspice
1273 3248 1413 3337 primum

239 3347 397 3415 Codicum
419 3349 609 3439 scripturas,
634 3348 720 3413 unde
740 3371 822 3438 quae
842 3349 979 3416 diximus
999 3353 1244 3417 confirmentur:
1266 3357 1301 3431 9,
1327 3360 1365 3434 5,
1384 3358 1413 3419 2

239 3457 270 3528 ἐς
286 3492 331 3506 --
346 3454 418 3534 πρός
444 3453 619 3543 permutari
645 3454 790 3533 videbis,
807 3459 866 3535 10,
893 3460 949 3536 13,
974 3463 1004 3522 5.
1021 3456 1157 3523 ἐ’πννινῶν
1180 3460 1254 3539 πρὸς
1276 3458 1313 3522 τό
1333 3459 1414 3525 κόλ-

237 3577 307 3638 tos,
332 3559 387 3624 alii
408 3561 437 3632 ἐς
457 3561 492 3625 τό
514 3585 560 3638 κ.,
583 3559 670 3650 quod
690 3582 798 3626 rerum
821 3574 868 3626 est
889 3585 962 3627 nam
982 3564 1119 3630 ε’πνινεῖν
1135 3563 1179 3635 εἷς
1197 3587 1227 3630 τι
1248 3575 1282 3629 ct
1300 3566 1414 3646 ψέγειν

238 3664 281 3738 εἷς
309 3689 340 3729 τι
369 3676 552 3729 constanter
581 3663 749 3744 dicebant,
773 3689 948 3756 numquam
970 3666 1043 3748 πρός
1072 3691 1114 3733 τι.
1150 3665 1205 3747 11,
1230 3671 1262 3734 7.
1283 3673 1359 3751 πρὸς
1378 3673 1413 3738 τό

236 3771 396 3851 πρόσωπόν
428 3770 635 3856 desuadeas,
670 3770 787 3836 dicitur
815 3776 857 3844 εἰς
885 3774 937 3837 τὸν
961 3775 1096 3846 κόλπον,
1123 3776 1166 3844 εἷς
1191 3775 1227 3838 τό
1251 3775 1412 3856 πρόσωπον

237 3875 362 3952 πτύειν,
388 3873 580 3951 νὲπνπτόειν,
603 3874 713 3963 itaque
731 3879 774 3948 εἰς
796 3899 937 3966 repone3¹
951 3881 1007 3956 16,
1031 3882 1084 3944 20.
1109 3881 1138 3952 ἐς
1155 3880 1288 3960 -πρός
1306 3925 1346 3937 -
1362 3885 1412 3956 ὥς.

236 3983 302 4056 17,
333 3983 362 4042 4.
387 3980 460 4057 πρὸς
488 3978 660 4056 insulcatum
683 3982 907 4061 όφνιιρεῖσόνι,
933 4006 997 4048 non
1026 3985 1128 4080 aliter¹
1143 4008 1240 4075 quam
1260 3990 1304 4060 eir
1327 3991 1416 4056 ἕλεν·

238 4084 337 4164 όερόννν
359 4084 408 4146 ius
429 4093 460 4146 et
480 4105 549 4146 mos
569 4092 616 4146 est
635 4082 752 4150 dicere.
780 4086 857 4151 ibid.
875 4094 893 4175 §
913 4092 942 4153 9.
958 4089 1043 4155 male
1062 4089 1203 4155 abundat
1223 4093 1256 4156 iu
1276 4097 1414 4176 χρῆσόνι

239 4190 312 4268 πρὸς
342 4185 360 4251 ό
384 4211 413 4250 τι
446 4185 484 4249 όνν
510 4187 662 4252 salacea.
687 4193 752 4268 18,
786 4194 837 4258 11.
865 4192 960 4258 codd.
988 4195 1133 4267 εἰσιόντες
1155 4234 1200 4246 -·-
1223 4198 1414 4279 προσιόντες.

176 4337 178 4340 -
241 4299 300 4372 20,
326 4298 377 4360 52.
401 4293 435 4357 in
454 4291 547 4358 libris
566 4305 614 4359 est
634 4296 705 4375 sal,
730 4298 804 4379 πρός
824 4311 857 4365 et
879 4300 941 4365 ε’πό.
969 4304 1028 4381 20,
1053 4303 1104 4366 28.
1127 4304 1199 4382 πρὸς
1217 4304 1356 4382 ἕμνιντόν
1374 4345 1417 4356 -

239 4403 311 4466 κατ’
333 4397 492 4478 'incunda
527 4402 590 4477 20,
626 4403 678 4466 29.
711 4404 753 4475 εἰς
788 4405 924 4486 Κόρινόνν
949 4443 996 4458 -
1020 4407 1093 4486 πρὸς
1123 4403 1269 4488 tripallo.
1301 4415 1361 4491 32,
1386 4419 1418 4495 4,

239 4507 313 4588 πρός
330 4505 443 4576 -εἶς.
458 4506 530 4581 Ι40,
558 4507 608 4569 19.
639 4507 832 4592 τρότβιβνόζ,
856 4547 896 4559 -
912 4510 1076 4593 ἐμβιβόζιι
1101 4523 1133 4576 et
1159 4516 1202 4587 εἷς
1229 4513 1355 4582 ἔπνεινον
1371 4540 1417 4572 ·--

241 4613 314 4694 arpis
350 4608 484 4676 ἔπαινον.
522 4612 580 4687 41,
620 4613 673 4676 12.
708 4614 780 4691 πρὸς
811 4615 924 4695 <patim
950 4653 996 4668 -
1019 4617 1063 4689 εἰς
1092 4619 1220 4702 φιλόννν,
1252 4632 1284 4685 et
1315 4628 1415 4710 5335.

241 4718 313 4800 πρός
335 4753 381 4768 -
400 4717 453 4789 εἰς.
487 4717 543 4793 42,
573 4718 625 4782 23.
656 4718 687 4790 ἐς
706 4718 764 4793 ’τόν
788 4719 896 4801 ovio
911 4757 956 4771 -
971 4721 1043 4802 πρὸς
1064 4725 1120 4800 τὴν
1140 4725 1247 4806 <ovim
1268 4738 1301 4792 et
1324 4731 1342 4813 §
1363 4735 1417 4797 37.
