3309 5750
870 608 931 672 104

300 799 361 846 suo
388 776 584 845 inierscrunt
619 783 683 858 46,
707 784 759 846 et.
795 779 832 847 ἵν’
865 785 967 848 circio
995 782 1051 858 τήν
1085 781 1242 863 περίεργον
1273 784 1311 852 θον
1341 786 1491 859 γλῶτταν

293 885 458 970 διέφυγον.
512 884 593 949 Aiiis
625 884 703 952 loeis
733 888 950 954 necessarium
977 886 1210 962 indicativum,
1233 886 1385 972 qnoniam
1413 887 1492 973 quid

293 990 363 1056 eibi
386 988 481 1056 redet
501 1009 562 1054 non
591 991 776 1079 capiebant,
800 993 834 1058 in
854 994 1033 1080 optativum
1059 999 1238 1059 mutarunt.
1286 994 1406 1058 Fecere
1430 991 1490 1059 hoc

302 1100 367 1172 λθ,
390 1101 420 1162 1.
443 1094 618 1175 ἐβουλόμην
636 1097 694 1177 μὲν
712 1093 763 1163 οὖν
784 1101 839 1175 τήν
861 1100 998 1181 ἰατρικήν
1018 1097 1070 1163 καὶ
1092 1098 1226 1164 τοιοῦτόν
1245 1122 1276 1163 τι
1300 1096 1386 1179 ἔχειν
1410 1098 1492 1182 φάο·

298 1225 421 1282 μακον,
451 1198 501 1267 ἵνα
521 1202 573 1267 καὶ
596 1208 685 1268 τοῦτο
702 1208 757 1270 τοῦ
781 1205 897 1286 πατρός
920 1206 956 1270 τό
981 1203 1103 1282 νόσημα
1123 1202 1296 1280 ἰασαίμην,
1322 1222 1419 1268 sensu
1439 1223 1491 1269 vo·

297 1327 395 1372 cuum
426 1314 476 1371 est
509 1308 683 1388 ἰασαίμην,
712 1309 929 1375 necessarium
958 1316 1005 1374 est
1037 1306 1196 1387 όαοοόμην,
1230 1314 1267 1372 ut
1302 1306 1395 1372 initio
1430 1306 1492 1374 loci

297 1412 473 1493 ἐβουλόμην
495 1414 552 1493 μὲν
577 1412 636 1490 όν,
664 1413 798 1490 vetlem,
833 1413 918 1500 qnod
940 1414 1053 1481 dicunt
1083 1414 1115 1479 in
1146 1432 1183 1478 ee
1208 1432 1264 1488 re,
1291 1431 1388 1497 quarn
1421 1411 1491 1478 fieri

295 1538 360 1584 non
384 1537 475 1606 posse
508 1519 672 1592 sentiant,
709 1527 744 1585 nt
768 1519 853 1605 epod
876 1520 991 1586 Lrsnnr
1014 1519 1068 1586 lv.
1095 1517 1119 1607 S
1146 1524 1177 1585 5.
1201 1517 1376 1597 ἐβουλόμην
1400 1518 1427 1583 δ’
1451 1518 1490 1586 όιν

296 1627 342 1706 μή
365 1627 545 1704 οὶπολαχεῑν
569 1623 662 1688 αὐτὸν
694 1627 796 1706 κριτήν
831 1625 1015 1702 Διονυσίοις,
1047 1622 1084 1690 ἵν’
1114 1626 1186 1703 ὑμῖν
1209 1624 1341 1705 Φανερδς
1366 1623 1489 1701 ἐγένετο

300 1730 367 1809 ἐμοὶ
391 1728 638 1808 διηλλαγμένοςε
658 1736 707 1795 est
731 1739 838 1795 eutem
859 1728 1009 1809 όαοαόμην
1036 1729 1168 1816 perinde
1192 1728 1368 1794 absurdum
1393 1738 1491 1815 atque

300 1837 334 1900 in
357 1834 451 1900 Lrsrn
470 1832 551 1898 soret
574 1833 693 1911 γένοιτο
712 1855 770 1920 pro
793 1836 927 1914 ἐγένετο.
952 1835 1112 1900 Anrsrorn.
1138 1833 1311 1900 Εοοόοοίοο.
1335 1839 1420 1900 151:

502 1937 677 2019 ἐβουλόμην
696 1941 752 2020 μὲν
775 1938 875 2024 ἕτερον
898 1943 937 2009 όιν
959 1947 1018 2006 τῶν
1041 1940 1155 2018 ήθοόδιυν

500 2043 606 2122 λέγειν
627 2045 670 2110 τόν
691 2045 844 2124 βέλτισθ’,
866 2044 903 2112 ἵν’
926 2047 1081 2126 ἐκαθήμην
1106 2046 1232 2126 ήουχος.

297 2147 413 2215 eddam
435 2148 572 2216 alterurn
598 2149 778 2236 exemptum
802 2170 842 2217 ex
866 2150 995 2227 eodem,
1018 2159 1056 2217 nt
1079 2151 1180 2218 reteri
1204 2148 1319 2215 mendo
1342 2148 1489 2215 liberem.

297 2254 432 2341 Legitur
454 2254 485 2320 in
509 2254 616 2338 νοερόν
640 2274 686 2320 vs.
708 2258 792 2322 960:

501 2361 563 2439 ἐγὼ
585 2363 611 2428 δ’
634 2360 809 2441 ἐβουλόμην
837 2368 875 2434 ἂν
909 2363 975 2427 οὐδὲ
998 2360 1202 2444 γοοόμμαοα,

500 2461 551 2531 ἵνα
570 2468 616 2547 μή
638 2474 814 2548 κακουργῶν
839 2466 987 2550 ἐνέγραφ’
1006 2470 1079 2547 ήμῖν
1099 2467 1150 2532 τόν
1174 2466 1278 2545 λόγον.

297 2567 425 2654 corrige
449 2569 540 2638 sodes
568 2571 708 2656 ἔγραφεν
730 2592 787 2660 pro
811 2570 973 2655 ἐνέγραφ’,
1006 2572 1069 2636 nisi
1087 2570 1164 2657 qnid
1188 2572 1230 2636 sit
1253 2569 1348 2648 λόγον
1369 2569 1486 2654 ἐγγροό·

295 2679 367 2757 φειν
389 2675 421 2740 in
452 2676 507 2742 tati
536 2697 571 2744 re
595 2677 744 2765 expedire
769 2684 868 2763 potes.
894 2677 1036 2743 ¹lternnr
1073 2677 1197 2743 librarii
1220 2677 1251 2741 in
1282 2674 1416 2741 Lucrino
1439 2676 1486 2742 sic

295 2790 471 2865 peccarunt
489 2788 553 2860 71,
578 2788 631 2850 59.
651 2785 677 2849 ri
694 2783 720 2848 δ’
745 2783 802 2848 ἔδοι
829 2782 910 2870 (lege
936 2784 961 2848 ei
982 2784 1012 2848 δὲ
1034 2781 1094 2870 δεῖ)
1118 2784 1170 2849 κοιδ
1190 2781 1367 2861 γυναικείου
1378 2779 1486 2861 γόμου

297 2886 399 2961 κοινόος
422 2883 500 2952 εἶναι
524 2888 582 2955 ἔδει
613 2888 674 2962 τας
701 2896 881 2966 γυναῖκας,
910 2891 949 2962 ὥς
975 2886 1032 2965 ἔξω
1059 2887 1151 2969 ζήλου
1174 2889 1298 2969 εἴημεν,
1334 2906 1487 2974 compone

300 3010 374 3055 conr
398 2990 450 3057 his
474 2991 570 3057 rerba
594 2994 807 3059 Bonosrnenrs
829 3013 859 3079 p.
883 2996 989 3058 1275:
1013 2991 1164 3069 ἐπιδεῖξαί
1182 3020 1217 3060 οε
1237 2994 1295 3059 ἔδει
1313 3031 1358 3041 -
1372 2989 1423 3058 ἵνα
1441 2993 1486 3073 μή

296 3095 382 3178 λόγῳ
408 3096 460 3163 τόν
490 3098 601 3180 πατέρ’
635 3098 788 3163 ἀδικοῦντ’
820 3098 997 3180 ἀπέφαινες
1021 3105 1053 3164 et
1080 3097 1201 3163 videbis
1221 3118 1317 3184 quam
1343 3116 1485 3164 necesse·

296 3201 383 3267 riom
406 3201 449 3267 sit
471 3205 510 3276 dc
533 3201 591 3279 ἔξω
615 3203 708 3284 ζήλου
735 3201 823 3283 ήμον.
855 3203 937 3269 ·Non
964 3211 1107 3289 tempero
1129 3202 1208 3269 mihi
1231 3204 1308 3288 quin
1332 3202 1383 3268 his
1407 3201 1484 3269 odii·

300 3308 383 3374 cinm
412 3306 517 3373 iocum
547 3308 694 3374 i‘nrronrs
718 3308 749 3373 in
776 3307 898 3374 Critone
926 3329 956 3395 p.
979 3311 1021 3373 44
1046 3307 1077 3374 d.
1103 3308 1135 3373 in
1157 3329 1220 3394 qno
1248 3307 1371 3373 librarii
1394 3308 1426 3373 in
1451 3327 1485 3375 re

297 3412 411 3480 codem*
428 3412 506 3479 olias
527 3413 638 3480 turbes
662 3413 828 3480 dederunt.
854 3413 993 3479 Editur:
1020 3415 1046 3479 εἰ
1066 3414 1130 3495 γόοι
1149 3416 1286 3497 ὤφελον,
1307 3411 1328 3479 ὦ
1348 3415 1485 3495 Κρόνον,

295 3514 350 3587 odoi
378 3544 414 3587 re
435 3515 513 3585 εἶναι
534 3521 560 3585 οἱ
584 3518 693 3585 πολλοὶ
718 3519 760 3583 τόν
791 3519 912 3598 μόγιςοο
936 3519 1021 3583 κακόν
1047 3517 1282 3600 ἐξεργάζεσθαι,
1304 3517 1340 3583 ἵν’
1370 3514 1425 3584 cici
1447 3541 1482 3585 τε

291 3623 373 3703 ήοοον
402 3621 443 3691 αὖ
469 3626 522 3691 καὶ
554 3625 665 3703 α’γαθοδ
698 3624 780 3713 (iege
809 3622 953 3711 τόγαθόι)
987 3622 1030 3687 τόν
1060 3624 1202 3703 μόγιςα,
1237 3625 1288 3689 καὶ
1314 3629 1418 3697 καλῶς
1443 3624 1480 3690 οἰν

294 3726 381 3812 εἶχε,
405 3736 459 3797 νῦν
477 3731 508 3795 δὲ
528 3730 670 3811 οὐδέτερα
689 3725 744 3795 cici
757 3754 814 3805 οε,
839 3729 911 3814 quis
929 3746 991 3792 non
1016 3729 1168 3815 perspicit
1193 3729 1332 3794 insiticia
1351 3735 1384 3794 et
1408 3747 1480 3815 spu·

294 3835 344 3901 ria
365 3855 435 3901 esse
454 3834 551 3901 verbo
569 3844 633 3899 tarn
659 3833 779 3919 [rigide
799 3854 898 3920 quarn
918 3853 1117 3922 supervacue
1137 3835 1189 3901 να)
1212 3840 1314 3908 καλῶς
1333 3835 1371 3903 θον
1391 3830 1482 3915 εἶχε,

293 3958 375 4025 quae
396 3938 445 4005 rel
468 3940 501 4004 in
521 3937 796 4024 negligentissimo
814 3940 971 4027 scriptore
995 3938 1186 4026 reprehendi
1210 3938 1366 4006 dehebant
1385 3958 1423 4005 ea
1448 3938 1480 4004 in

291 4043 429 4109 Pnnronr
443 4042 613 4112 'ieremnsi

339 4148 417 4213 Post
448 4148 527 4226 haec
564 4147 672 4213 omnia
692 4145 829 4235 denique
861 4152 939 4217 setis
962 4152 1025 4218 crit
1044 4150 1143 4217 verbo
1163 4146 1335 4217 admonere
1355 4150 1388 4216 in
1406 4149 1480 4237 Ocy-

285 4252 367 4339 pcde
390 4258 455 4332 81,
479 4275 525 4319 vso
551 4258 617 4330 θλ,
639 4256 701 4319 65:

491 4368 574 4433 νινῖος
598 4360 766 4440 ςρατιοότης
789 4359 948 4440 γέγονας,
968 4357 1017 4427 ἵνα
1038 4361 1243 4442 παρεμβολήν
1317 4438 1319 4442 Ι

490 4465 598 4543 βαλὼν
622 4465 660 4530 οὺ
683 4476 830 4550 orannim

290 4566 525 4636 emendandum
550 4590 620 4637 esse
638 4576 696 4638 οιοῦ
717 4572 757 4637 οδ
778 4573 948 4655 ςοαοιοόνης
973 4579 1004 4640 ct
1028 4572 1136 4651 βαλὼν
1161 4572 1315 4652 ἐπλήγης.
