3309 5750
776 730 794 792 7

177 906 213 977 in
244 905 359 974 iisdem
383 904 492 974 eodem
524 902 617 970 modo
637 908 812 989 peccatur.
833 902 919 972 uude
944 904 1057 973 vitium
1079 905 1177 973 semel
1197 905 1371 993 deprehen·

177 1034 253 1082 sum
277 1013 389 1080 statim
410 1010 561 1096 arguitur
584 1016 617 1078 et
638 1006 714 1076 alibi
737 1007 929 1076 delitescens
950 1016 981 1075 et
1006 1029 1044 1075 ex
1066 1031 1128 1081 aaa
1146 1012 1371 1084 emendatione

174 1126 359 1188 nascuntur
377 1114 634 1204 complusculae‚
655 1111 740 1200 quod
760 1133 823 1179 non
838 1114 884 1181 ita
895 1112 989 1189 dico,
1005 1116 1098 1199 qua-si
1116 1116 1170 1184 ilia
1189 1116 1371 1203 palaeogra-

177 1222 275 1309 phioa
290 1223 407 1310 peritia
431 1221 530 1288 bonas
550 1228 582 1288 et
606 1240 698 1287 veras
724 1218 963 1287 emendationes
986 1241 1099 1308 parere
1119 1222 1237 1306 possit,
1261 1221 1316 1288 sed
1334 1241 1373 1290 ea

176 1328 368 1396 obseruandi
392 1324 592 1407 consuetudo
614 1333 645 1390 et
670 1324 814 1395 nonnihil
836 1326 957 1411 ingenii
979 1328 1046 1392 nim
1064 1337 1222 1411 promovet
1242 1328 1370 1400 inritum

177 1432 341 1519 ct,*quod
373 1432 554 1498 maximum
584 1437 653 1507 ast,
672 1440 760 1511 certa
792 1438 823 1498 et
842 1431 1006 1518 explorata
1035 1439 1068 1497 et
1093 1430 1262 1505 manifesta
1294 1431 1371 1500 dare

177 1530 270 1607 solet.
328 1537 527 1603 Etiamnunc
548 1532 643 1599 multi
666 1534 740 1629 honi
765 1536 825 1602 viri
848 1536 996 1602 criticam
1016 1538 1083 1603 sire
1104 1544 1207 1604 artem
1236 1537 1302 1602 sire
1331 1535 1373 1604 ia·

178 1642 335 1712 cultatem
359 1649 418 1710 aut·
440 1639 577 1706 oderunt
595 1647 654 1705 aut
677 1662 738 1711 non
763 1651 877 1707 auant
909 1644 1023 1729 utique
1055 1662 1114 1709 nec
1138 1641 1289 1729 probant,
1318 1662 1371 1709 su-

180 1748 309 1833 spiciosi
326 1749 434 1814 nescio
453 1744 609 1833 quomodo
630 1765 666 1812 ec
686 1746 783 1813 ueluti
802 1745 1049 1816 reformidantes
1063 1768 1103 1814 ae
1122 1746 1200 1834 quid
1224 1754 1370 1834 apportet

179 1851 256 1918 maii
286 1853 326 1918 iis
344 1852 463 1925 rebus,
484 1848 602 1936 quihus
625 1853 764 1919 maxime
792 1851 890 1920 salvis
913 1854 956 1919 sit
980 1874 1059 1941 opus
1078 1861 1112 1920 et
1132 1854 1264 1920 intactis
1285 1852 1371 1920 iilae-

173 1957 296 2043 aisque.
342 1957 464 2022 Horum
495 1954 590 2040 pauci
612 1956 744 2041 quidam
766 1966 844 2024 sunt
868 1957 969 2025 datrae
985 1967 1017 2025 et
1037 1956 1210 2045 perfrictae
1232 1957 1369 2037 frontis,

171 2062 292 2148 quihus
316 2064 342 2128 si
370 2082 431 2127 non
464 2062 499 2143 iu
521 2080 578 2126 ore
601 2070 650 2127 est
674 2071 707 2129 at
730 2063 824 2127 taciti
848 2083 957 2130 secum
986 2064 1127 2148 cogitant
1150 2061 1231 2128 iilud
1252 2063 1371 2129 Aristo·

170 2168 352 2255 phaeacum:
388 2170 420 2233 od
445 2166 509 2249 pap
534 2166 652 2242 πείσεις
674 2170 738 2235 οὐδ’
762 2173 797 2247 ἢν
821 2169 941 2255 πείθῃς.
988 2170 1046 2236 His
1073 2188 1132 2253 ego
1151 2188 1213 2236 non
1242 2168 1369 2236 duriter

171 2272 228 2340 sed
253 2293 309 2359 per
333 2272 441 2337 iocum
465 2279 497 2336 et
525 2270 696 2341 subridens
726 2275 924 2360 reposuerim
945 2274 1070 2341 dictum
1094 2274 1257 2341 Droonrus:
1281 2272 1311 2339 εἴ
1332 2299 1368 2340 σε

172 2376 327 2457 ἐδυνάμην
348 2384 455 2444 πεῖσαι
481 2373 592 2441 torreat
613 2380 642 2441 r'
662 2375 701 2443 dar
721 2377 946 2457 ἀπάγξασθαι.
982 2378 1096 2445 ntulit
1119 2387 1196 2446 sunt
1215 2378 1368 2465 permulti

170 2483 393 2554 clementioris
418 2480 562 2565 ingenii,
598 2481 714 2565 quihus
735 2483 852 2550 Critica
874 2484 1002 2560 sordet,
1026 2492 1063 2550 ut
1085 2504 1167 2569 quae
1189 2484 1236 2550 nil
1256 2483 1370 2552 afferat

170 2589 259 2677 quod
279 2594 408 2654 eertum
433 2605 471 2652 ac
494 2584 609 2651 stabile
630 2587 672 2651 sit
695 2595 727 2654 at
751 2590 970 2656 necessariam
989 2597 1021 2657 et
1044 2588 1185 2658 evidens.
1234 2589 1291 2653 His
1310 2589 1367 2673 igi·

171 2704 228 2773 ,tar
251 2702 284 2761 et
300 2693 501 2779 quicumque
522 2692 729 2777 amantquod
752 2713 864 2759 verum
886 2701 957 2768 est,
978 2712 1151 2780 proponam
1171 2692 1368 2760 emendatio·

168 2821 231 2880 nas
265 2795 439 2870 nonnullas
469 2817 508 2863 ex
544 2816 608 2863 una
640 2796 816 2884 eademque
848 2797 1113 2886 palaeograpirica
1148 2797 1368 2866 observatione

170 2927 234 2975 non
259 2912 352 2971 natas
376 2902 454 2980 sed,
489 2905 535 2970 uti
564 2905 702 2990 opinor,
730 2911 796 2969 tam
828 2905 1008 2992 exploratas
1030 2914 1063 2975 et
1093 2903 1302 2980 rnaniiestas,
1328 2912 1366 2972 ut

169 3011 252 3104 nihii
277 3009 462 3076 desiderent
484 3009 570 3096 quod
591 3009 689 3077 fidem
713 3009 943 3098 iacerepossit.
989 3010 1282 3087 transmarinae
1305 3012 1364 3079 Bo·

168 3139 279 3197 annm,
304 3117 361 3203 qui
386 3117 420 3181 in
441 3118 552 3202 paucis
571 3136 669 3202 sagax
700 3124 732 3182 et
760 3116 871 3182 sollers
893 3115 955 3183 tuit
979 3117 1115 3183 criticus
1133 3125 1166 3184 et
1189 3119 1361 3189 sanitatem

166 3226 256 3293 illam
292 3221 495 3310 popularium
523 3230 652 3297 servat,
679 3241 761 3307 quae
786 3222 831 3286 nii
855 3222 988 3289 molitur
1023 3223 1150 3307 inepte,
1185 3222 1285 3288 vetuti
1308 3243 1361 3290 uo·

164 3342 253 3406 ctam
277 3337 310 3396 et
329 3326 543 3413 suspendam,
565 3347 648 3412 quae
673 3326 783 3392 eadem
810 3327 955 3393 veritatis
979 3325 1099 3393 iudicia
1123 3333 1154 3391 et
1177 3327 1269 3412 sigua
1289 3348 1362 3394 con·

165 3439 301 3511 tineaat.
360 3431 541 3517 tegebatur
581 3431 666 3516 apud
697 3431 877 3496 Drunnenuu
912 3439 1018 3496 contro
1048 3429 1207 3516 Aristopit.
1255 3429 1359 3510 §2¹0

163 3547 301 3633 p.107,
336 3542 377 3605 52
402 3537 563 3619 σωφρόνων
587 3537 633 3609 ἐς)
659 3537 789 3603 dorcade
813 3571 857 3584 -—
897 3537 941 3612 μὴ
972 3535 1131 3614 προδοῦναι
1162 3537 1217 3609 τὴν
1249 3536 1363 3602 θείαν

165 3649 218 3717 aa}
246 3651 302 3725 τὴν
325 3644 444 3727 εὔορκον
469 3648 586 3726 ψῆφον.
646 3639 708 3721 Qui
733 3638 880 3704 criticam
906 3646 1120 3724 aspernantur
1147 3638 1230 3704 scire
1253 3658 1362 3724 perve-

162 3755 221 3822 lim
246 3750 517 3839 quemadmodum
549 3750 605 3825 τὴν
634 3747 715 3812 tainu
748 3749 876 3827 ψῆφον,
896 3743 1034 3808 divinum
1063 3742 1207 3811 iudicum
1243 3753 1362 3811 reaten·

165 3860 244 3929 tiam
272 3856 336 3922 dici
368 3861 425 3921 aut
460 3853 596 3935 cogitari
619 3871 710 3938 posse
741 3851 939 3917 existiment.
987 3850 1130 3917 Rursurus
1155 3848 1361 3928 festinanter,

162 3969 200 4035 ut
231 3981 345 4047 saepe,
380 3958 499 4024 εὐθεῖαν
534 3953 735 4021 restituebat.
782 3956 940 4023 donamus
975 3955 1008 4022 in
1034 3954 1163 4021 Adoers.
1193 3955 1218 4022 1.
1243 3977 1274 4041 p.
1296 3961 1361 4026 515

162 4069 212 4160 (ac
247 4065 319 4133 vide
338 4062 415 4150 quid
438 4062 517 4128 levis
550 4060 809 4127 correctiuncula
832 4059 871 4126 ab
891 4068 980 4126 certa
1001 4059 1224 4135 emendatione
1247 4059 1359 4159 distet)

161 4193 275 4247 tenum
297 4171 396 4239 vidit:
421 4170 476 4245 τὴν
495 4167 580 4233 o‘rtan
600 4202 645 4214 -
666 4171 794 4249 ψῆφον,
814 4166 1009 4252 comparatis
1031 4164 1156 4232 duabus
1177 4164 1255 4232 locis
1272 4167 1358 4253 apud

163 4281 410 4355 munerantur,
433 4272 568 4365 (qmbus
584 4270 766 4358 complures
790 4271 889 4349 alios,
911 4271 938 4336 si
967 4269 1081 4337 fuisset
1104 4291 1201 4356 opus,
1225 4272 1359 4340 adiecis-

162 4390 224 4470 set)
246 4385 353 4453 hisce:
379 4384 413 4449 in
437 4379 594 4447 Midiuooe
613 4377 816 4463 peroratione
841 4398 870 4462 p.
885 4382 960 4445 587.
982 4380 1037 4454 etp
1061 4378 1212 4445 dotarunt
1236 4378 1360 4447 taxatae

163 4491 277 4571 θέμενοι
308 4495 415 4574 ψῆφον
441 4485 655 4568 τιμωρήσασθε
687 4489 811 4559 τοῦτον,
839 4491 871 4548 et
904 4483 1105 4550 exoratione
1126 4483 1157 4548 in
1190 4482 1305 4570 Eocrp.
1331 4493 1362 4555 et

162 4594 290 4663 Mneoib.
324 4617 353 4683 p.
381 4599 457 4661 464.
483 4592 569 4660 ὁσίαν
603 4591 655 4656 καὶ
687 4588 809 4654 truatur
834 4588 907 4668 ὑπὲρ
932 4589 1015 4668 ὑμῶν
1041 4589 1359 4664 praevalescente

164 4707 281 4787 ψῆφον.
333 4701 495 4768 Videtisne
526 4700 628 4787 ipsam
649 4696 785 4780 oratoris
809 4713 943 4761 manum
962 4696 1017 4771 ata
1043 4703 1173 4765 OGIAN
1197 4692 1358 4781 poducer-
