<?xml version="1.0" encoding="UTF-8"?>
<!DOCTYPE html PUBLIC "-//W3C//DTD XHTML 1.0 Transitional//EN"
    "http://www.w3.org/TR/xhtml1/DTD/xhtml1-transitional.dtd">
<html xmlns="http://www.w3.org/1999/xhtml" xml:lang="en" lang="en">
 <head>
  <title>
</title>
<meta http-equiv="Content-Type" content="text/html;charset=utf-8" />
  <meta name='ocr-system' content='tesseract 3.04.00' />
  <meta name='ocr-capabilities' content='ocr_page ocr_carea ocr_par ocr_line ocrx_word'/>
</head>
<body>
  <div class='ocr_page' id='page_1' title='image "./variaelectiones01cobegoog_0169.png"; bbox 0 0 3309 5750; ppageno 0'>
   <div class='ocr_carea' id='block_1_1' title="bbox 770 661 810 722">
    <p class='ocr_par' dir='ltr' id='par_1_1' title="bbox 770 661 810 722">
     <span class='ocr_line' id='line_1_1' title="bbox 770 661 810 722; baseline 0 0"><span class='ocrx_word' id='word_1_1' title='bbox 770 661 810 722; x_wconf 70' lang='lat'><strong>75</strong></span> 
     </span>
    </p>
   </div>
   <div class='ocr_carea' id='block_1_2' title="bbox 193 832 1376 1213">
    <p class='ocr_par' dir='ltr' id='par_1_2' title="bbox 193 832 1376 1213">
     <span class='ocr_line' id='line_1_2' title="bbox 195 832 1376 928; baseline 0.012 -31"><span class='ocrx_word' id='word_1_2' title='bbox 195 832 314 900; x_wconf 86' lang='lat' dir='ltr'><strong>lectum</strong></span> <span class='ocrx_word' id='word_1_3' title='bbox 343 832 484 915; x_wconf 69' lang='grc' dir='ltr'><strong>ἔσχηκας</strong></span> <span class='ocrx_word' id='word_1_4' title='bbox 516 851 683 919; x_wconf 79' lang='lat' dir='ltr'>perperam</span> <span class='ocrx_word' id='word_1_5' title='bbox 706 833 838 918; x_wconf 91' lang='lat' dir='ltr'><strong>ponitur</strong></span> <span class='ocrx_word' id='word_1_6' title='bbox 857 833 890 897; x_wconf 93' lang='lat' dir='ltr'><strong>in</strong></span> <span class='ocrx_word' id='word_1_7' title='bbox 916 852 953 898; x_wconf 90' lang='lat' dir='ltr'><strong>ea</strong></span> <span class='ocrx_word' id='word_1_8' title='bbox 972 851 1023 909; x_wconf 86' lang='lat' dir='ltr'><strong>re,</strong></span> <span class='ocrx_word' id='word_1_9' title='bbox 1055 855 1149 921; x_wconf 86' lang='lat' dir='ltr'><strong>quam</strong></span> <span class='ocrx_word' id='word_1_10' title='bbox 1177 841 1251 927; x_wconf 87' lang='lat' dir='ltr'><strong>quis</strong></span> <span class='ocrx_word' id='word_1_11' title='bbox 1282 840 1376 928; x_wconf 87' lang='lat' dir='ltr'><strong>plone</strong></span> 
     </span>
     <span class='ocr_line' id='line_1_3' title="bbox 194 937 1376 1032; baseline 0.01 -29"><span class='ocrx_word' id='word_1_12' title='bbox 194 939 399 1023; x_wconf 78' lang='lat' dir='ltr'><strong>praeteriisse</strong></span> <span class='ocrx_word' id='word_1_13' title='bbox 419 946 526 1024; x_wconf 89' lang='lat' dir='ltr'><strong>putet,</strong></span> <span class='ocrx_word' id='word_1_14' title='bbox 561 944 598 1002; x_wconf 93' lang='lat' dir='ltr'><strong>ut</strong></span> <span class='ocrx_word' id='word_1_15' title='bbox 621 937 702 1003; x_wconf 84' lang='lat' dir='ltr'>nihil</span> <span class='ocrx_word' id='word_1_16' title='bbox 729 937 882 1025; x_wconf 75' lang='lat' dir='ltr'><strong>supersit„</strong></span> <span class='ocrx_word' id='word_1_17' title='bbox 928 937 1067 1005; x_wconf 83' lang='lat' dir='ltr'><strong>ilabebat</strong></span> <span class='ocrx_word' id='word_1_18' title='bbox 1089 942 1198 1024; x_wconf 74' lang='grc' dir='ltr'><strong><em>ἔσχεςε</em></strong></span> <span class='ocrx_word' id='word_1_19' title='bbox 1232 950 1376 1032; x_wconf 79' lang='lat' dir='ltr'><strong>peccavit</strong></span> 
     </span>
     <span class='ocr_line' id='line_1_4' title="bbox 193 1040 1376 1137; baseline 0.011 -30"><span class='ocrx_word' id='word_1_20' title='bbox 193 1062 269 1108; x_wconf 89' lang='lat' dir='ltr'><strong>oum</strong></span> <span class='ocrx_word' id='word_1_21' title='bbox 301 1042 472 1129; x_wconf 83' lang='lat' dir='ltr'><strong>plurimis,</strong></span> <span class='ocrx_word' id='word_1_22' title='bbox 505 1040 561 1109; x_wconf 84' lang='lat' dir='ltr'><strong>sed</strong></span> <span class='ocrx_word' id='word_1_23' title='bbox 596 1043 762 1129; x_wconf 84' lang='lat' dir='ltr'><strong>peccavit,</strong></span> <span class='ocrx_word' id='word_1_24' title='bbox 793 1050 826 1108; x_wconf 89' lang='lat' dir='ltr'><strong>et</strong></span> <span class='ocrx_word' id='word_1_25' title='bbox 856 1043 903 1109; x_wconf 89' lang='lat' dir='ltr'><strong>sic</strong></span> <span class='ocrx_word' id='word_1_26' title='bbox 937 1043 1149 1114; x_wconf 65' lang='lat' dir='ltr'><strong>matranorum</strong></span> <span class='ocrx_word' id='word_1_27' title='bbox 1184 1048 1306 1137; x_wconf 78' lang='lat' dir='ltr'><strong>depono</strong></span> <span class='ocrx_word' id='word_1_28' title='bbox 1336 1051 1376 1120; x_wconf 86' lang='lat' dir='ltr'><strong>de</strong></span> 
     </span>
     <span class='ocr_line' id='line_1_5' title="bbox 194 1146 355 1213; baseline 0.012 -2"><span class='ocrx_word' id='word_1_29' title='bbox 194 1146 355 1213; x_wconf 90' lang='lat' dir='ltr'><strong>manibus.</strong></span> 
     </span>
    </p>
   </div>
   <div class='ocr_carea' id='block_1_3' title="bbox 652 1337 911 1408">
    <p class='ocr_par' dir='ltr' id='par_1_3' title="bbox 652 1337 911 1408">
     <span class='ocr_line' id='line_1_6' title="bbox 652 1337 911 1408; baseline 0.004 -1"><span class='ocrx_word' id='word_1_30' title='bbox 652 1337 825 1408; x_wconf 79' lang='lat' dir='ltr'>CAPUT</span> <span class='ocrx_word' id='word_1_31' title='bbox 860 1341 911 1408; x_wconf 80' lang='lat' dir='ltr'><strong>vt</strong></span> 
     </span>
    </p>
   </div>
   <div class='ocr_carea' id='block_1_4' title="bbox 174 1567 1378 4388">
    <p class='ocr_par' dir='ltr' id='par_1_4' title="bbox 174 1567 1378 4388">
     <span class='ocr_line' id='line_1_7' title="bbox 242 1567 1378 1653; baseline 0.01 -20"><span class='ocrx_word' id='word_1_32' title='bbox 242 1569 344 1635; x_wconf 86' lang='lat' dir='ltr'><strong>Venio</strong></span> <span class='ocrx_word' id='word_1_33' title='bbox 375 1588 460 1633; x_wconf 89' lang='lat' dir='ltr'><strong>nune</strong></span> <span class='ocrx_word' id='word_1_34' title='bbox 483 1568 523 1634; x_wconf 87' lang='lat' dir='ltr'><strong>ad</strong></span> <span class='ocrx_word' id='word_1_35' title='bbox 554 1568 728 1644; x_wconf 81' lang='lat' dir='ltr'><strong>Locrannu,</strong></span> <span class='ocrx_word' id='word_1_36' title='bbox 758 1568 812 1653; x_wconf 90' lang='lat' dir='ltr'><strong>qui</strong></span> <span class='ocrx_word' id='word_1_37' title='bbox 844 1567 884 1634; x_wconf 89' lang='lat' dir='ltr'><strong>ad</strong></span> <span class='ocrx_word' id='word_1_38' title='bbox 916 1567 1003 1635; x_wconf 87' lang='lat' dir='ltr'><strong>bunc</strong></span> <span class='ocrx_word' id='word_1_39' title='bbox 1036 1570 1121 1639; x_wconf 92' lang='lat' dir='ltr'><strong>diem</strong></span> <span class='ocrx_word' id='word_1_40' title='bbox 1156 1583 1258 1642; x_wconf 86' lang='lat' dir='ltr'><strong>scatet</strong></span> <span class='ocrx_word' id='word_1_41' title='bbox 1289 1578 1378 1646; x_wconf 83' lang='lat' dir='ltr'><strong>vitiis</strong></span> 
     </span>
     <span class='ocr_line' id='line_1_8' title="bbox 196 1672 1377 1764; baseline 0.011 -28"><span class='ocrx_word' id='word_1_42' title='bbox 196 1672 435 1759; x_wconf 79' lang='lat' dir='ltr'><strong>erroribusque.</strong></span> <span class='ocrx_word' id='word_1_43' title='bbox 480 1673 579 1738; x_wconf 87' lang='lat' dir='ltr'><strong>blulta</strong></span> <span class='ocrx_word' id='word_1_44' title='bbox 597 1672 728 1758; x_wconf 80' lang='lat' dir='ltr'><strong>deliquit</strong></span> <span class='ocrx_word' id='word_1_45' title='bbox 748 1673 832 1759; x_wconf 87' lang='lat' dir='ltr'><strong>ipse,</strong></span> <span class='ocrx_word' id='word_1_46' title='bbox 857 1693 919 1738; x_wconf 89' lang='lat' dir='ltr'><strong>non</strong></span> <span class='ocrx_word' id='word_1_47' title='bbox 939 1677 1019 1741; x_wconf 90' lang='lat' dir='ltr'><strong>satis</strong></span> <span class='ocrx_word' id='word_1_48' title='bbox 1036 1687 1201 1764; x_wconf 85' lang='lat' dir='ltr'><strong>perspecta</strong></span> <span class='ocrx_word' id='word_1_49' title='bbox 1222 1682 1254 1747; x_wconf 93' lang='lat' dir='ltr'><strong>in</strong></span> <span class='ocrx_word' id='word_1_50' title='bbox 1275 1684 1377 1749; x_wconf 89' lang='lat' dir='ltr'><strong>omni·</strong></span> 
     </span>
     <span class='ocr_line' id='line_1_9' title="bbox 194 1776 1374 1874; baseline 0.009 -30"><span class='ocrx_word' id='word_1_51' title='bbox 194 1777 257 1844; x_wconf 89' lang='lat' dir='ltr'><strong>bus</strong></span> <span class='ocrx_word' id='word_1_52' title='bbox 277 1778 505 1845; x_wconf 89' lang='lat' dir='ltr'><strong>consuetudine</strong></span> <span class='ocrx_word' id='word_1_53' title='bbox 524 1776 671 1863; x_wconf 88' lang='lat' dir='ltr'><strong>loquendi</strong></span> <span class='ocrx_word' id='word_1_54' title='bbox 689 1778 924 1863; x_wconf 84' lang='lat' dir='ltr'><strong>Antiquarum,</strong></span> <span class='ocrx_word' id='word_1_55' title='bbox 949 1778 988 1844; x_wconf 89' lang='lat' dir='ltr'><strong>ad</strong></span> <span class='ocrx_word' id='word_1_56' title='bbox 1002 1802 1082 1866; x_wconf 90' lang='lat' dir='ltr'><strong>quos</strong></span> <span class='ocrx_word' id='word_1_57' title='bbox 1099 1803 1133 1850; x_wconf 88' lang='lat' dir='ltr'><strong>se</strong></span> <span class='ocrx_word' id='word_1_58' title='bbox 1151 1792 1257 1852; x_wconf 91' lang='lat' dir='ltr'><strong>tamen</strong></span> <span class='ocrx_word' id='word_1_59' title='bbox 1274 1807 1374 1874; x_wconf 91' lang='lat' dir='ltr'><strong>quam</strong></span> 
     </span>
     <span class='ocr_line' id='line_1_10' title="bbox 190 1882 1375 1980; baseline 0.013 -34"><span class='ocrx_word' id='word_1_60' title='bbox 190 1889 319 1968; x_wconf 89' lang='lat' dir='ltr'><strong>poterat</strong></span> <span class='ocrx_word' id='word_1_61' title='bbox 342 1882 584 1967; x_wconf 87' lang='lat' dir='ltr'><strong>diligentissime</strong></span> <span class='ocrx_word' id='word_1_62' title='bbox 604 1883 826 1950; x_wconf 86' lang='lat' dir='ltr'><strong>inscribendo</strong></span> <span class='ocrx_word' id='word_1_63' title='bbox 848 1884 1073 1969; x_wconf 79' lang='lat' dir='ltr'><strong>componebat,</strong></span> <span class='ocrx_word' id='word_1_64' title='bbox 1097 1898 1154 1955; x_wconf 89' lang='lat' dir='ltr'><strong>aut</strong></span> <span class='ocrx_word' id='word_1_65' title='bbox 1171 1910 1233 1957; x_wconf 91' lang='lat' dir='ltr'><strong>non</strong></span> <span class='ocrx_word' id='word_1_66' title='bbox 1256 1892 1375 1980; x_wconf 88' lang='lat' dir='ltr'><strong>ubique</strong></span> 
     </span>
     <span class='ocr_line' id='line_1_11' title="bbox 189 1986 1374 2078; baseline 0.011 -25"><span class='ocrx_word' id='word_1_67' title='bbox 189 1986 357 2053; x_wconf 87' lang='lat' dir='ltr'><strong>commode</strong></span> <span class='ocrx_word' id='word_1_68' title='bbox 382 1987 566 2053; x_wconf 89' lang='lat' dir='ltr'><strong>recordatus</strong></span> <span class='ocrx_word' id='word_1_69' title='bbox 589 2008 684 2073; x_wconf 91' lang='lat' dir='ltr'><strong>quem</strong></span> <span class='ocrx_word' id='word_1_70' title='bbox 710 2007 828 2066; x_wconf 90' lang='lat' dir='ltr'><strong>usum,</strong></span> <span class='ocrx_word' id='word_1_71' title='bbox 852 2008 948 2073; x_wconf 92' lang='lat' dir='ltr'><strong>quam</strong></span> <span class='ocrx_word' id='word_1_72' title='bbox 970 1993 1195 2078; x_wconf 75' lang='lat' dir='ltr'><strong>proprietatem</strong></span> <span class='ocrx_word' id='word_1_73' title='bbox 1219 1999 1374 2066; x_wconf 86' lang='lat' dir='ltr'><strong>orationis</strong></span> 
     </span>
     <span class='ocr_line' id='line_1_12' title="bbox 185 2092 1372 2179; baseline 0.009 -21"><span class='ocrx_word' id='word_1_74' title='bbox 185 2092 340 2177; x_wconf 88' lang='lat' dir='ltr'><strong>antiquae</strong></span> <span class='ocrx_word' id='word_1_75' title='bbox 362 2100 393 2158; x_wconf 88' lang='lat' dir='ltr'><strong>ot</strong></span> <span class='ocrx_word' id='word_1_76' title='bbox 417 2093 531 2178; x_wconf 83' lang='lat' dir='ltr'><strong>probae</strong></span> <span class='ocrx_word' id='word_1_77' title='bbox 554 2100 586 2160; x_wconf 92' lang='lat' dir='ltr'><strong>et</strong></span> <span class='ocrx_word' id='word_1_78' title='bbox 610 2094 817 2179; x_wconf 70' lang='lat' dir='ltr'><strong>incorruptae</strong></span> <span class='ocrx_word' id='word_1_79' title='bbox 841 2093 925 2179; x_wconf 92' lang='lat' dir='ltr'><strong>apud</strong></span> <span class='ocrx_word' id='word_1_80' title='bbox 950 2094 1020 2160; x_wconf 91' lang='lat' dir='ltr'><strong>illos</strong></span> <span class='ocrx_word' id='word_1_81' title='bbox 1042 2109 1130 2164; x_wconf 86' lang='lat' dir='ltr'><strong>reete</strong></span> <span class='ocrx_word' id='word_1_82' title='bbox 1150 2098 1272 2167; x_wconf 83' lang='lat' dir='ltr'><strong>dudum</strong></span> <span class='ocrx_word' id='word_1_83' title='bbox 1303 2104 1372 2169; x_wconf 89' lang='lat' dir='ltr'><strong>ani·</strong></span> 
     </span>
     <span class='ocr_line' id='line_1_13' title="bbox 185 2195 1373 2286; baseline 0.011 -24"><span class='ocrx_word' id='word_1_84' title='bbox 185 2196 410 2263; x_wconf 84' lang='lat' dir='ltr'><strong>madvertisset</strong></span> <span class='ocrx_word' id='word_1_85' title='bbox 431 2195 606 2283; x_wconf 88' lang='lat' dir='ltr'><strong>seduloque</strong></span> <span class='ocrx_word' id='word_1_86' title='bbox 629 2217 747 2281; x_wconf 89' lang='lat' dir='ltr'><strong>magna</strong></span> <span class='ocrx_word' id='word_1_87' title='bbox 769 2218 849 2264; x_wconf 89' lang='lat' dir='ltr'><strong>cura</strong></span> <span class='ocrx_word' id='word_1_88' title='bbox 873 2207 904 2264; x_wconf 91' lang='lat' dir='ltr'><strong>et</strong></span> <span class='ocrx_word' id='word_1_89' title='bbox 928 2201 1071 2286; x_wconf 87' lang='lat' dir='ltr'><strong>impenso</strong></span> <span class='ocrx_word' id='word_1_90' title='bbox 1090 2203 1197 2268; x_wconf 90' lang='lat' dir='ltr'><strong>studio</strong></span> <span class='ocrx_word' id='word_1_91' title='bbox 1220 2214 1373 2276; x_wconf 88' lang='lat' dir='ltr'><strong>notasset.</strong></span> 
     </span>
     <span class='ocr_line' id='line_1_14' title="bbox 185 2302 1373 2389; baseline 0.008 -20"><span class='ocrx_word' id='word_1_92' title='bbox 185 2303 310 2369; x_wconf 88' lang='lat' dir='ltr'><strong>Passim</strong></span> <span class='ocrx_word' id='word_1_93' title='bbox 331 2302 501 2367; x_wconf 83' lang='lat' dir='ltr'><strong>inannru</strong></span> <span class='ocrx_word' id='word_1_94' title='bbox 521 2304 652 2388; x_wconf 87' lang='lat' dir='ltr'><strong>seriptis</strong></span> <span class='ocrx_word' id='word_1_95' title='bbox 671 2312 820 2388; x_wconf 87' lang='lat' dir='ltr'><strong>apparet,</strong></span> <span class='ocrx_word' id='word_1_96' title='bbox 845 2314 1001 2389; x_wconf 92' lang='lat' dir='ltr'><strong>quantum</strong></span> <span class='ocrx_word' id='word_1_97' title='bbox 1024 2327 1119 2372; x_wconf 86' lang='lat' dir='ltr'><strong>curae</strong></span> <span class='ocrx_word' id='word_1_98' title='bbox 1143 2308 1218 2376; x_wconf 89' lang='lat' dir='ltr'><strong>baio</strong></span> <span class='ocrx_word' id='word_1_99' title='bbox 1242 2315 1290 2378; x_wconf 88' lang='lat' dir='ltr'><strong>rei</strong></span> <span class='ocrx_word' id='word_1_100' title='bbox 1313 2314 1373 2380; x_wconf 91' lang='lat' dir='ltr'><strong>im·</strong></span> 
     </span>
     <span class='ocr_line' id='line_1_15' title="bbox 186 2406 1372 2495; baseline 0.009 -22"><span class='ocrx_word' id='word_1_101' title='bbox 186 2408 367 2494; x_wconf 86' lang='lat' dir='ltr'><strong>partiatur,</strong></span> <span class='ocrx_word' id='word_1_102' title='bbox 394 2413 428 2472; x_wconf 90' lang='lat' dir='ltr'><strong>ut</strong></span> <span class='ocrx_word' id='word_1_103' title='bbox 451 2426 491 2472; x_wconf 86' lang='lat' dir='ltr'><strong>ne</strong></span> <span class='ocrx_word' id='word_1_104' title='bbox 516 2406 658 2483; x_wconf 77' lang='lat' dir='ltr'><strong>seneca,</strong></span> <span class='ocrx_word' id='word_1_105' title='bbox 688 2428 727 2473; x_wconf 92' lang='lat' dir='ltr'><strong>ne</strong></span> <span class='ocrx_word' id='word_1_106' title='bbox 746 2407 899 2484; x_wconf 90' lang='lat' dir='ltr'><strong>barbara,</strong></span> <span class='ocrx_word' id='word_1_107' title='bbox 922 2429 962 2475; x_wconf 90' lang='lat' dir='ltr'><strong>ne</strong></span> <span class='ocrx_word' id='word_1_108' title='bbox 985 2410 1105 2495; x_wconf 90' lang='lat' dir='ltr'><strong>plebeia</strong></span> <span class='ocrx_word' id='word_1_109' title='bbox 1134 2413 1275 2482; x_wconf 88' lang='lat' dir='ltr'><strong>dictione</strong></span> <span class='ocrx_word' id='word_1_110' title='bbox 1303 2428 1372 2485; x_wconf 92' lang='lat' dir='ltr'><strong>uta·</strong></span> 
     </span>
     <span class='ocr_line' id='line_1_16' title="bbox 185 2511 1372 2607; baseline 0.009 -28"><span class='ocrx_word' id='word_1_111' title='bbox 185 2521 263 2588; x_wconf 87' lang='lat' dir='ltr'><strong>tur,</strong></span> <span class='ocrx_word' id='word_1_112' title='bbox 289 2520 409 2599; x_wconf 89' lang='lat' dir='ltr'><strong>quanto</strong></span> <span class='ocrx_word' id='word_1_113' title='bbox 432 2511 540 2577; x_wconf 90' lang='lat' dir='ltr'><strong>labore</strong></span> <span class='ocrx_word' id='word_1_114' title='bbox 560 2512 697 2596; x_wconf 91' lang='lat' dir='ltr'><strong>optimos</strong></span> <span class='ocrx_word' id='word_1_115' title='bbox 720 2521 869 2578; x_wconf 88' lang='lat' dir='ltr'><strong>auctores</strong></span> <span class='ocrx_word' id='word_1_116' title='bbox 892 2514 1013 2578; x_wconf 91' lang='lat' dir='ltr'><strong>imitari</strong></span> <span class='ocrx_word' id='word_1_117' title='bbox 1033 2524 1066 2580; x_wconf 92' lang='lat' dir='ltr'><strong>et</strong></span> <span class='ocrx_word' id='word_1_118' title='bbox 1086 2515 1205 2584; x_wconf 81' lang='lat' dir='ltr'><strong>referre</strong></span> <span class='ocrx_word' id='word_1_119' title='bbox 1229 2530 1372 2607; x_wconf 75' lang='lat' dir='ltr'><strong>satagat!</strong></span> 
     </span>
     <span class='ocr_line' id='line_1_17' title="bbox 185 2616 1373 2706; baseline 0.006 -20"><span class='ocrx_word' id='word_1_120' title='bbox 185 2626 318 2706; x_wconf 86' lang='lat' dir='ltr'><strong>apparet</strong></span> <span class='ocrx_word' id='word_1_121' title='bbox 341 2616 541 2704; x_wconf 89' lang='lat' dir='ltr'><strong>adquorum</strong></span> <span class='ocrx_word' id='word_1_122' title='bbox 573 2616 755 2703; x_wconf 85' lang='lat' dir='ltr'><strong>exemplum</strong></span> <span class='ocrx_word' id='word_1_123' title='bbox 778 2619 956 2685; x_wconf 90' lang='lat' dir='ltr'><strong>orationem</strong></span> <span class='ocrx_word' id='word_1_124' title='bbox 986 2638 1078 2685; x_wconf 87' lang='lat' dir='ltr'><strong>suam</strong></span> <span class='ocrx_word' id='word_1_125' title='bbox 1109 2622 1215 2706; x_wconf 87' lang='lat' dir='ltr'><strong>exigat</strong></span> <span class='ocrx_word' id='word_1_126' title='bbox 1236 2633 1268 2691; x_wconf 88' lang='lat' dir='ltr'><strong>et</strong></span> <span class='ocrx_word' id='word_1_127' title='bbox 1292 2626 1373 2694; x_wconf 88' lang='lat' dir='ltr'><strong>nibil</strong></span> 
     </span>
     <span class='ocr_line' id='line_1_18' title="bbox 182 2722 1372 2813; baseline 0.004 -20"><span class='ocrx_word' id='word_1_128' title='bbox 182 2726 365 2794; x_wconf 74' lang='lat' dir='ltr'><strong>directum</strong></span> <span class='ocrx_word' id='word_1_129' title='bbox 387 2732 419 2789; x_wconf 89' lang='lat' dir='ltr'><strong>et</strong></span> <span class='ocrx_word' id='word_1_130' title='bbox 443 2723 605 2788; x_wconf 88' lang='lat' dir='ltr'><strong>sincerum</strong></span> <span class='ocrx_word' id='word_1_131' title='bbox 630 2722 755 2799; x_wconf 80' lang='lat' dir='ltr'><strong>videri,</strong></span> <span class='ocrx_word' id='word_1_132' title='bbox 782 2723 865 2809; x_wconf 94' lang='lat' dir='ltr'><strong>quod</strong></span> <span class='ocrx_word' id='word_1_133' title='bbox 890 2744 951 2788; x_wconf 90' lang='lat' dir='ltr'><strong>non</strong></span> <span class='ocrx_word' id='word_1_134' title='bbox 985 2723 1088 2789; x_wconf 90' lang='lat' dir='ltr'><strong>idonei</strong></span> <span class='ocrx_word' id='word_1_135' title='bbox 1119 2729 1286 2813; x_wconf 87' lang='lat' dir='ltr'><strong>scriptoris</strong></span> <span class='ocrx_word' id='word_1_136' title='bbox 1310 2730 1372 2798; x_wconf 89' lang='lat' dir='ltr'><strong>lide</strong></span> 
     </span>
     <span class='ocr_line' id='line_1_19' title="bbox 185 2827 1370 2924; baseline 0.007 -27"><span class='ocrx_word' id='word_1_137' title='bbox 185 2832 332 2904; x_wconf 88' lang='lat' dir='ltr'><strong>nitatur;</strong></span> <span class='ocrx_word' id='word_1_138' title='bbox 366 2837 498 2914; x_wconf 89' lang='lat' dir='ltr'><strong>apparet</strong></span> <span class='ocrx_word' id='word_1_139' title='bbox 530 2827 628 2895; x_wconf 89' lang='lat' dir='ltr'><strong>simul</strong></span> <span class='ocrx_word' id='word_1_140' title='bbox 660 2849 756 2915; x_wconf 93' lang='lat' dir='ltr'><strong>quam</strong></span> <span class='ocrx_word' id='word_1_141' title='bbox 792 2830 991 2915; x_wconf 82' lang='lat' dir='ltr'><strong>negligenter</strong></span> <span class='ocrx_word' id='word_1_142' title='bbox 1019 2839 1050 2896; x_wconf 91' lang='lat' dir='ltr'><strong>et</strong></span> <span class='ocrx_word' id='word_1_143' title='bbox 1085 2832 1192 2918; x_wconf 88' lang='lat' dir='ltr'><strong>inepte</strong></span> <span class='ocrx_word' id='word_1_144' title='bbox 1225 2834 1370 2924; x_wconf 82' lang='lat' dir='ltr'><strong>plerique</strong></span> 
     </span>
     <span class='ocr_line' id='line_1_20' title="bbox 182 2934 1370 3025; baseline 0.005 -22"><span class='ocrx_word' id='word_1_145' title='bbox 182 2957 297 3003; x_wconf 90' lang='lat' dir='ltr'><strong>omnes</strong></span> <span class='ocrx_word' id='word_1_146' title='bbox 320 2944 388 2999; x_wconf 93' lang='lat' dir='ltr'><strong>tum</strong></span> <span class='ocrx_word' id='word_1_147' title='bbox 413 2934 638 3020; x_wconf 75' lang='lat' dir='ltr'><strong>loquerentur,</strong></span> <span class='ocrx_word' id='word_1_148' title='bbox 662 2956 758 3021; x_wconf 90' lang='lat' dir='ltr'><strong>quarn</strong></span> <span class='ocrx_word' id='word_1_149' title='bbox 785 2935 982 3002; x_wconf 87' lang='lat' dir='ltr'><strong>incredibilis</strong></span> <span class='ocrx_word' id='word_1_150' title='bbox 1001 2936 1161 3013; x_wconf 88' lang='lat' dir='ltr'><strong>socordia,</strong></span> <span class='ocrx_word' id='word_1_151' title='bbox 1186 2961 1282 3025; x_wconf 76' lang='lat' dir='ltr'><strong>apuam</strong></span> <span class='ocrx_word' id='word_1_152' title='bbox 1308 2943 1370 3010; x_wconf 89' lang='lat' dir='ltr'><strong>loe·</strong></span> 
     </span>
     <span class='ocr_line' id='line_1_21' title="bbox 185 3040 1368 3128; baseline 0.004 -19"><span class='ocrx_word' id='word_1_153' title='bbox 185 3043 226 3109; x_wconf 89' lang='lat' dir='ltr'><strong>da</strong></span> <span class='ocrx_word' id='word_1_154' title='bbox 251 3040 379 3107; x_wconf 91' lang='lat' dir='ltr'><strong>inscitia</strong></span> <span class='ocrx_word' id='word_1_155' title='bbox 403 3041 559 3105; x_wconf 91' lang='lat' dir='ltr'><strong>sermonis</strong></span> <span class='ocrx_word' id='word_1_156' title='bbox 583 3040 680 3107; x_wconf 89' lang='lat' dir='ltr'><strong>luerit</strong></span> <span class='ocrx_word' id='word_1_157' title='bbox 706 3041 754 3107; x_wconf 89' lang='lat' dir='ltr'><strong>vel</strong></span> <span class='ocrx_word' id='word_1_158' title='bbox 776 3043 808 3105; x_wconf 90' lang='lat' dir='ltr'><strong>in</strong></span> <span class='ocrx_word' id='word_1_159' title='bbox 830 3041 1041 3115; x_wconf 88' lang='lat' dir='ltr'><strong>doctissimis,</strong></span> <span class='ocrx_word' id='word_1_160' title='bbox 1069 3052 1105 3107; x_wconf 92' lang='lat' dir='ltr'><strong>nt</strong></span> <span class='ocrx_word' id='word_1_161' title='bbox 1124 3044 1254 3128; x_wconf 88' lang='lat' dir='ltr'><strong>quidem</strong></span> <span class='ocrx_word' id='word_1_162' title='bbox 1280 3048 1368 3115; x_wconf 87' lang='lat' dir='ltr'><strong>vide·</strong></span> 
     </span>
     <span class='ocr_line' id='line_1_22' title="bbox 181 3143 1367 3230; baseline 0.004 -15"><span class='ocrx_word' id='word_1_163' title='bbox 181 3148 320 3220; x_wconf 89' lang='lat' dir='ltr'><strong>bantur,</strong></span> <span class='ocrx_word' id='word_1_164' title='bbox 354 3143 481 3211; x_wconf 90' lang='lat' dir='ltr'><strong>dicendi</strong></span> <span class='ocrx_word' id='word_1_165' title='bbox 504 3147 666 3230; x_wconf 87' lang='lat' dir='ltr'><strong>blagistris</strong></span> <span class='ocrx_word' id='word_1_166' title='bbox 693 3154 725 3212; x_wconf 90' lang='lat' dir='ltr'><strong>et</strong></span> <span class='ocrx_word' id='word_1_167' title='bbox 751 3145 943 3212; x_wconf 85' lang='lat' dir='ltr'><strong>llbetoribus</strong></span> <span class='ocrx_word' id='word_1_168' title='bbox 967 3155 998 3211; x_wconf 89' lang='lat' dir='ltr'><strong>et</strong></span> <span class='ocrx_word' id='word_1_169' title='bbox 1020 3146 1258 3216; x_wconf 86' lang='lat' dir='ltr'><strong>Grammaticis.</strong></span> <span class='ocrx_word' id='word_1_170' title='bbox 1306 3154 1367 3219; x_wconf 87' lang='lat' dir='ltr'><strong>llo·</strong></span> 
     </span>
     <span class='ocr_line' id='line_1_23' title="bbox 181 3250 1365 3336; baseline 0.004 -17"><span class='ocrx_word' id='word_1_171' title='bbox 181 3275 257 3323; x_wconf 89' lang='lat' dir='ltr'><strong>rum</strong></span> <span class='ocrx_word' id='word_1_172' title='bbox 281 3252 335 3317; x_wconf 90' lang='lat' dir='ltr'><strong>alii</strong></span> <span class='ocrx_word' id='word_1_173' title='bbox 359 3271 486 3317; x_wconf 75' lang='lat' dir='ltr'><strong>sumnia</strong></span> <span class='ocrx_word' id='word_1_174' title='bbox 508 3250 707 3336; x_wconf 90' lang='lat' dir='ltr'><strong>impudentia</strong></span> <span class='ocrx_word' id='word_1_175' title='bbox 728 3250 968 3315; x_wconf 89' lang='lat' dir='ltr'><strong>vitiosissimam</strong></span> <span class='ocrx_word' id='word_1_176' title='bbox 988 3252 1169 3335; x_wconf 82' lang='lat' dir='ltr'><strong>aequalium</strong></span> <span class='ocrx_word' id='word_1_177' title='bbox 1191 3255 1365 3325; x_wconf 92' lang='lat' dir='ltr'><strong>dictionem</strong></span> 
     </span>
     <span class='ocr_line' id='line_1_24' title="bbox 179 3353 1366 3450; baseline 0.003 -23"><span class='ocrx_word' id='word_1_178' title='bbox 179 3355 503 3450; x_wconf 87' lang='lat' dir='ltr'><strong>pauculisvocabulis</strong></span> <span class='ocrx_word' id='word_1_179' title='bbox 526 3356 668 3440; x_wconf 86' lang='lat' dir='ltr'><strong>antiquis</strong></span> <span class='ocrx_word' id='word_1_180' title='bbox 688 3353 927 3437; x_wconf 81' lang='lat' dir='ltr'><strong>distinguebant</strong></span> <span class='ocrx_word' id='word_1_181' title='bbox 948 3364 981 3419; x_wconf 87' lang='lat' dir='ltr'><strong>et</strong></span> <span class='ocrx_word' id='word_1_182' title='bbox 1002 3356 1185 3433; x_wconf 88' lang='lat' dir='ltr'><strong>comebant,</strong></span> <span class='ocrx_word' id='word_1_183' title='bbox 1202 3368 1366 3431; x_wconf 88' lang='lat' dir='ltr'><strong>caeterum</strong></span> 
     </span>
     <span class='ocr_line' id='line_1_25' title="bbox 179 3457 1365 3556; baseline -0.003 -23"><span class='ocrx_word' id='word_1_184' title='bbox 179 3464 409 3533; x_wconf 87' lang='lat' dir='ltr'><strong>volutabantur</strong></span> <span class='ocrx_word' id='word_1_185' title='bbox 433 3463 465 3526; x_wconf 94' lang='lat' dir='ltr'><strong>in</strong></span> <span class='ocrx_word' id='word_1_186' title='bbox 491 3460 622 3535; x_wconf 90' lang='lat' dir='ltr'><strong>iisdem,</strong></span> <span class='ocrx_word' id='word_1_187' title='bbox 647 3459 764 3544; x_wconf 93' lang='lat' dir='ltr'><strong>quibus</strong></span> <span class='ocrx_word' id='word_1_188' title='bbox 784 3458 918 3556; x_wconf 82' lang='lat' dir='ltr'><strong>vulgus,</strong></span> <span class='ocrx_word' id='word_1_189' title='bbox 941 3457 1105 3534; x_wconf 88' lang='lat' dir='ltr'><strong>sordibus,</strong></span> <span class='ocrx_word' id='word_1_190' title='bbox 1131 3480 1169 3524; x_wconf 90' lang='lat' dir='ltr'><strong>ne</strong></span> <span class='ocrx_word' id='word_1_191' title='bbox 1191 3461 1365 3531; x_wconf 86' lang='lat' dir='ltr'><strong>abiectissi-</strong></span> 
     </span>
     <span class='ocr_line' id='line_1_26' title="bbox 181 3561 1366 3657; baseline -0.003 -18"><span class='ocrx_word' id='word_1_192' title='bbox 181 3573 245 3639; x_wconf 92' lang='lat' dir='ltr'><strong>mis</strong></span> <span class='ocrx_word' id='word_1_193' title='bbox 273 3569 403 3657; x_wconf 89' lang='lat' dir='ltr'><strong>quidem</strong></span> <span class='ocrx_word' id='word_1_194' title='bbox 436 3566 655 3641; x_wconf 84' lang='lat' dir='ltr'><strong>abstinentes,</strong></span> <span class='ocrx_word' id='word_1_195' title='bbox 689 3563 806 3648; x_wconf 90' lang='lat' dir='ltr'><strong>quibus</strong></span> <span class='ocrx_word' id='word_1_196' title='bbox 839 3564 866 3627; x_wconf 92' lang='lat' dir='ltr'><strong>si</strong></span> <span class='ocrx_word' id='word_1_197' title='bbox 894 3561 1021 3647; x_wconf 91' lang='lat' dir='ltr'><strong>qnando</strong></span> <span class='ocrx_word' id='word_1_198' title='bbox 1048 3563 1087 3627; x_wconf 92' lang='lat' dir='ltr'><strong>ab</strong></span> <span class='ocrx_word' id='word_1_199' title='bbox 1117 3562 1366 3648; x_wconf 82' lang='lat' dir='ltr'><strong>elegantioribus</strong></span> 
     </span>
     <span class='ocr_line' id='line_1_27' title="bbox 180 3668 1365 3764; baseline -0.002 -20"><span class='ocrx_word' id='word_1_200' title='bbox 180 3682 414 3764; x_wconf 80' lang='lat' dir='ltr'><strong>arguerentur,</strong></span> <span class='ocrx_word' id='word_1_201' title='bbox 438 3680 564 3758; x_wconf 78' lang='lat' dir='ltr'><strong>poetam</strong></span> <span class='ocrx_word' id='word_1_202' title='bbox 587 3669 635 3735; x_wconf 89' lang='lat' dir='ltr'><strong>vel</strong></span> <span class='ocrx_word' id='word_1_203' title='bbox 656 3670 845 3754; x_wconf 83' lang='lat' dir='ltr'><strong>scriptorem</strong></span> <span class='ocrx_word' id='word_1_204' title='bbox 870 3668 1007 3754; x_wconf 89' lang='lat' dir='ltr'><strong>aliquem</strong></span> <span class='ocrx_word' id='word_1_205' title='bbox 1029 3677 1169 3736; x_wconf 84' lang='lat' dir='ltr'><strong>veterem</strong></span> <span class='ocrx_word' id='word_1_206' title='bbox 1195 3679 1308 3737; x_wconf 88' lang='lat' dir='ltr'><strong>testem</strong></span> <span class='ocrx_word' id='word_1_207' title='bbox 1332 3685 1365 3741; x_wconf 89' lang='lat' dir='ltr'><strong>et</strong></span> 
     </span>
     <span class='ocr_line' id='line_1_28' title="bbox 177 3774 1364 3863; baseline 0.001 -15"><span class='ocrx_word' id='word_1_208' title='bbox 177 3782 340 3851; x_wconf 85' lang='lat' dir='ltr'><strong>vindicem</strong></span> <span class='ocrx_word' id='word_1_209' title='bbox 365 3777 612 3844; x_wconf 86' lang='lat' dir='ltr'><strong>mentiebantur.</strong></span> <span class='ocrx_word' id='word_1_210' title='bbox 661 3776 723 3841; x_wconf 83' lang='lat' dir='ltr'><strong>lllii</strong></span> <span class='ocrx_word' id='word_1_211' title='bbox 747 3775 808 3841; x_wconf 89' lang='lat' dir='ltr'><strong>alio</strong></span> <span class='ocrx_word' id='word_1_212' title='bbox 833 3794 949 3859; x_wconf 83' lang='lat' dir='ltr'><strong>genere</strong></span> <span class='ocrx_word' id='word_1_213' title='bbox 974 3774 1115 3840; x_wconf 89' lang='lat' dir='ltr'><strong>insaniae</strong></span> <span class='ocrx_word' id='word_1_214' title='bbox 1147 3777 1364 3863; x_wconf 90' lang='lat' dir='ltr'><strong>ineptiebant:</strong></span> 
     </span>
     <span class='ocr_line' id='line_1_29' title="bbox 178 3879 1364 3960; baseline -0.002 -3"><span class='ocrx_word' id='word_1_215' title='bbox 178 3885 393 3957; x_wconf 86' lang='lat' dir='ltr'><strong>imitabantur</strong></span> <span class='ocrx_word' id='word_1_216' title='bbox 414 3884 598 3949; x_wconf 85' lang='lat' dir='ltr'><strong>Huaonoruu</strong></span> <span class='ocrx_word' id='word_1_217' title='bbox 625 3879 674 3947; x_wconf 89' lang='lat' dir='ltr'><strong>vel</strong></span> <span class='ocrx_word' id='word_1_218' title='bbox 703 3882 900 3947; x_wconf 80' lang='lat' dir='ltr'><strong>Tnucrnrnrn</strong></span> <span class='ocrx_word' id='word_1_219' title='bbox 924 3881 956 3944; x_wconf 95' lang='lat' dir='ltr'><strong>in</strong></span> <span class='ocrx_word' id='word_1_220' title='bbox 978 3879 1064 3946; x_wconf 92' lang='lat' dir='ltr'><strong>bunc</strong></span> <span class='ocrx_word' id='word_1_221' title='bbox 1088 3882 1240 3960; x_wconf 91' lang='lat' dir='ltr'><strong>modum,</strong></span> <span class='ocrx_word' id='word_1_222' title='bbox 1265 3893 1302 3951; x_wconf 89' lang='lat' dir='ltr'><strong>nt</strong></span> <span class='ocrx_word' id='word_1_223' title='bbox 1324 3908 1364 3955; x_wconf 84' lang='lat' dir='ltr'><strong>ex</strong></span> 
     </span>
     <span class='ocr_line' id='line_1_30' title="bbox 178 3986 1362 4062; baseline -0.001 0"><span class='ocrx_word' id='word_1_224' title='bbox 178 4012 291 4062; x_wconf 88' lang='lat' dir='ltr'><strong>corum</strong></span> <span class='ocrx_word' id='word_1_225' title='bbox 316 3989 407 4056; x_wconf 90' lang='lat' dir='ltr'><strong>libris</strong></span> <span class='ocrx_word' id='word_1_226' title='bbox 437 3988 570 4054; x_wconf 90' lang='lat' dir='ltr'><strong>lacinias</strong></span> <span class='ocrx_word' id='word_1_227' title='bbox 593 3995 625 4052; x_wconf 90' lang='lat' dir='ltr'><strong>et</strong></span> <span class='ocrx_word' id='word_1_228' title='bbox 647 3986 747 4053; x_wconf 87' lang='lat' dir='ltr'><strong>veluti</strong></span> <span class='ocrx_word' id='word_1_229' title='bbox 779 3995 931 4053; x_wconf 89' lang='lat' dir='ltr'><strong>centones</strong></span> <span class='ocrx_word' id='word_1_230' title='bbox 959 3986 1111 4053; x_wconf 87' lang='lat' dir='ltr'><strong>admixtis</strong></span> <span class='ocrx_word' id='word_1_231' title='bbox 1135 3990 1298 4059; x_wconf 86' lang='lat' dir='ltr'><strong>vocabulis</strong></span> <span class='ocrx_word' id='word_1_232' title='bbox 1322 3993 1362 4061; x_wconf 89' lang='lat' dir='ltr'><strong>de</strong></span> 
     </span>
     <span class='ocr_line' id='line_1_31' title="bbox 176 4092 1361 4178; baseline 0 -12"><span class='ocrx_word' id='word_1_233' title='bbox 176 4100 275 4167; x_wconf 84' lang='lat' dir='ltr'><strong>trivio</strong></span> <span class='ocrx_word' id='word_1_234' title='bbox 295 4095 412 4161; x_wconf 90' lang='lat' dir='ltr'><strong>sumtis</strong></span> <span class='ocrx_word' id='word_1_235' title='bbox 435 4101 645 4159; x_wconf 88' lang='lat' dir='ltr'><strong>consuerent:</strong></span> <span class='ocrx_word' id='word_1_236' title='bbox 670 4092 724 4157; x_wconf 92' lang='lat' dir='ltr'><strong>alii</strong></span> <span class='ocrx_word' id='word_1_237' title='bbox 750 4092 906 4178; x_wconf 89' lang='lat' dir='ltr'><strong>quidquid</strong></span> <span class='ocrx_word' id='word_1_238' title='bbox 930 4092 1005 4177; x_wconf 84' lang='lat' dir='ltr'><strong>olim</strong></span> <span class='ocrx_word' id='word_1_239' title='bbox 1027 4101 1110 4158; x_wconf 81' lang='lat' dir='ltr'><strong>esset</strong></span> <span class='ocrx_word' id='word_1_240' title='bbox 1131 4094 1307 4164; x_wconf 89' lang='lat' dir='ltr'><strong>obsoletum</strong></span> <span class='ocrx_word' id='word_1_241' title='bbox 1328 4108 1361 4166; x_wconf 87' lang='lat' dir='ltr'><strong>et</strong></span> 
     </span>
     <span class='ocr_line' id='line_1_32' title="bbox 174 4197 1359 4283; baseline -0.003 -9"><span class='ocrx_word' id='word_1_242' title='bbox 174 4209 429 4275; x_wconf 88' lang='lat' dir='ltr'><strong>intermortuum</strong></span> <span class='ocrx_word' id='word_1_243' title='bbox 454 4219 493 4264; x_wconf 84' lang='lat' dir='ltr'><strong>ex</strong></span> <span class='ocrx_word' id='word_1_244' title='bbox 515 4198 664 4283; x_wconf 75' lang='lat' dir='ltr'><strong>Antiquis</strong></span> <span class='ocrx_word' id='word_1_245' title='bbox 688 4197 919 4273; x_wconf 90' lang='lat' dir='ltr'><strong>corradebant,</strong></span> <span class='ocrx_word' id='word_1_246' title='bbox 943 4197 1101 4264; x_wconf 87' lang='lat' dir='ltr'><strong>addebant</strong></span> <span class='ocrx_word' id='word_1_247' title='bbox 1126 4208 1268 4267; x_wconf 86' lang='lat' dir='ltr'><strong>monstra</strong></span> <span class='ocrx_word' id='word_1_248' title='bbox 1291 4224 1359 4270; x_wconf 80' lang='lat' dir='ltr'><strong>ver·</strong></span> 
     </span>
     <span class='ocr_line' id='line_1_33' title="bbox 175 4301 1359 4388; baseline -0.013 -12"><span class='ocrx_word' id='word_1_249' title='bbox 175 4312 325 4379; x_wconf 89' lang='lat' dir='ltr'><strong>boruma</strong></span> <span class='ocrx_word' id='word_1_250' title='bbox 348 4324 382 4370; x_wconf 88' lang='lat' dir='ltr'><strong>se</strong></span> <span class='ocrx_word' id='word_1_251' title='bbox 399 4301 510 4369; x_wconf 91' lang='lat' dir='ltr'><strong>stolide</strong></span> <span class='ocrx_word' id='word_1_252' title='bbox 536 4302 630 4379; x_wconf 87' lang='lat' dir='ltr'><strong>licta,</strong></span> <span class='ocrx_word' id='word_1_253' title='bbox 652 4322 753 4388; x_wconf 90' lang='lat' dir='ltr'><strong>eaque</strong></span> <span class='ocrx_word' id='word_1_254' title='bbox 777 4311 812 4369; x_wconf 93' lang='lat' dir='ltr'><strong>nt</strong></span> <span class='ocrx_word' id='word_1_255' title='bbox 832 4302 1004 4367; x_wconf 78' lang='lat' dir='ltr'><strong>tesserulae</strong></span> <span class='ocrx_word' id='word_1_256' title='bbox 1017 4305 1049 4367; x_wconf 93' lang='lat' dir='ltr'><strong>in</strong></span> <span class='ocrx_word' id='word_1_257' title='bbox 1070 4305 1252 4388; x_wconf 87' lang='lat' dir='ltr'><strong>pavimento</strong></span> <span class='ocrx_word' id='word_1_258' title='bbox 1275 4329 1359 4375; x_wconf 80' lang='lat' dir='ltr'><strong>com.</strong></span> 
     </span>
    </p>
   </div>
   <div class='ocr_carea' id='block_1_5' title="bbox 173 4407 1360 4715">
    <p class='ocr_par' dir='ltr' id='par_1_5' title="bbox 173 4407 1360 4715">
     <span class='ocr_line' id='line_1_34' title="bbox 173 4407 1360 4506; baseline -0.003 -25"><span class='ocrx_word' id='word_1_259' title='bbox 173 4413 346 4506; x_wconf 89' lang='lat' dir='ltr'><strong>ponebant.</strong></span> <span class='ocrx_word' id='word_1_260' title='bbox 393 4409 459 4475; x_wconf 90' lang='lat' dir='ltr'><strong>Non</strong></span> <span class='ocrx_word' id='word_1_261' title='bbox 490 4408 620 4475; x_wconf 88' lang='lat' dir='ltr'><strong>deerant</strong></span> <span class='ocrx_word' id='word_1_262' title='bbox 648 4409 697 4473; x_wconf 92' lang='lat' dir='ltr'><strong>bis</strong></span> <span class='ocrx_word' id='word_1_263' title='bbox 721 4408 871 4473; x_wconf 89' lang='lat' dir='ltr'><strong>omnibns</strong></span> <span class='ocrx_word' id='word_1_264' title='bbox 899 4407 1082 4482; x_wconf 91' lang='lat' dir='ltr'><strong>auditores,</strong></span> <span class='ocrx_word' id='word_1_265' title='bbox 1107 4409 1151 4472; x_wconf 91' lang='lat' dir='ltr'><strong>ita</strong></span> <span class='ocrx_word' id='word_1_266' title='bbox 1173 4409 1221 4473; x_wconf 91' lang='lat' dir='ltr'><strong>uti</strong></span> <span class='ocrx_word' id='word_1_267' title='bbox 1246 4410 1360 4485; x_wconf 78' lang='lat' dir='ltr'><strong>lit,et</strong></span> 
     </span>
     <span class='ocr_line' id='line_1_35' title="bbox 173 4512 1360 4599; baseline -0.009 -8"><span class='ocrx_word' id='word_1_268' title='bbox 173 4522 387 4591; x_wconf 84' lang='lat' dir='ltr'><strong>admiratores</strong></span> <span class='ocrx_word' id='word_1_269' title='bbox 410 4514 573 4599; x_wconf 90' lang='lat' dir='ltr'><strong>aliquanto</strong></span> <span class='ocrx_word' id='word_1_270' title='bbox 605 4515 702 4580; x_wconf 89' lang='lat' dir='ltr'><strong>etiam</strong></span> <span class='ocrx_word' id='word_1_271' title='bbox 731 4513 934 4588; x_wconf 88' lang='lat' dir='ltr'><strong>stolidiores,</strong></span> <span class='ocrx_word' id='word_1_272' title='bbox 967 4513 1020 4596; x_wconf 92' lang='lat' dir='ltr'><strong>qni</strong></span> <span class='ocrx_word' id='word_1_273' title='bbox 1052 4512 1219 4598; x_wconf 89' lang='lat' dir='ltr'><strong>stupebant</strong></span> <span class='ocrx_word' id='word_1_274' title='bbox 1254 4514 1294 4578; x_wconf 94' lang='lat' dir='ltr'><strong>ad</strong></span> <span class='ocrx_word' id='word_1_275' title='bbox 1322 4535 1360 4580; x_wconf 88' lang='lat' dir='ltr'><strong>ea</strong></span> 
     </span>
     <span class='ocr_line' id='line_1_36' title="bbox 173 4616 1360 4715; baseline -0.009 -20"><span class='ocrx_word' id='word_1_276' title='bbox 173 4645 258 4715; x_wconf 89' lang='lat' dir='ltr'><strong>quae</strong></span> <span class='ocrx_word' id='word_1_277' title='bbox 284 4643 345 4687; x_wconf 91' lang='lat' dir='ltr'><strong>nau</strong></span> <span class='ocrx_word' id='word_1_278' title='bbox 368 4628 534 4706; x_wconf 87' lang='lat' dir='ltr'><strong>caperent,</strong></span> <span class='ocrx_word' id='word_1_279' title='bbox 564 4629 596 4684; x_wconf 86' lang='lat' dir='ltr'><strong>et</strong></span> <span class='ocrx_word' id='word_1_280' title='bbox 620 4640 659 4685; x_wconf 90' lang='lat' dir='ltr'><strong>ne</strong></span> <span class='ocrx_word' id='word_1_281' title='bbox 680 4619 868 4684; x_wconf 86' lang='lat' dir='ltr'><strong>viderentur</strong></span> <span class='ocrx_word' id='word_1_282' title='bbox 900 4637 962 4681; x_wconf 91' lang='lat' dir='ltr'><strong>non</strong></span> <span class='ocrx_word' id='word_1_283' title='bbox 991 4616 1169 4703; x_wconf 86' lang='lat' dir='ltr'><strong>intelligere</strong></span> <span class='ocrx_word' id='word_1_284' title='bbox 1199 4617 1360 4684; x_wconf 84' lang='lat' dir='ltr'><strong>nralebaot</strong></span> 
     </span>
    </p>
   </div>
   <div class='ocr_carea' id='block_1_6' title="bbox 172 4720 1357 4869">
    <p class='ocr_par' dir='ltr' id='par_1_6' title="bbox 172 4720 1357 4869">
     <span class='ocr_line' id='line_1_37' title="bbox 172 4720 1357 4820; baseline -0.015 -23"><span class='ocrx_word' id='word_1_285' title='bbox 172 4729 337 4820; x_wconf 84' lang='lat' dir='ltr'><strong>plaudere.</strong></span> <span class='ocrx_word' id='word_1_286' title='bbox 385 4726 525 4811; x_wconf 77' lang='lat' dir='ltr'><strong>(instigat</strong></span> <span class='ocrx_word' id='word_1_287' title='bbox 558 4725 695 4789; x_wconf 90' lang='lat' dir='ltr'><strong>istorum</strong></span> <span class='ocrx_word' id='word_1_288' title='bbox 728 4723 864 4808; x_wconf 89' lang='lat' dir='ltr'><strong>ineptias</strong></span> <span class='ocrx_word' id='word_1_289' title='bbox 894 4723 1042 4789; x_wconf 71' lang='lat' dir='ltr'><strong>Lucienus</strong></span> <span class='ocrx_word' id='word_1_290' title='bbox 1066 4731 1097 4789; x_wconf 90' lang='lat' dir='ltr'><strong>et</strong></span> <span class='ocrx_word' id='word_1_291' title='bbox 1121 4720 1284 4788; x_wconf 89' lang='lat' dir='ltr'><strong>inscitiam</strong></span> <span class='ocrx_word' id='word_1_292' title='bbox 1307 4741 1357 4790; x_wconf 82' lang='lat' dir='ltr'><strong>ar.</strong></span> 
     </span>
     <span class='ocr_line' id='line_1_38' title="bbox 1092 4828 1129 4869; baseline 0 -22"><span class='ocrx_word' id='word_1_293' title='bbox 1092 4828 1129 4869; x_wconf 66' lang='lat' dir='ltr'><strong>a*</strong></span> 
     </span>
    </p>
   </div>
   <div class='ocr_carea' id='block_1_7' title="bbox 0 0 1660 5750">
    <p class='ocr_par' dir='ltr' id='par_1_7' title="bbox 0 0 1660 5750">
     <span class='ocr_line' id='line_1_39' title="bbox 0 0 1660 5750; baseline 0 9"><span class='ocrx_word' id='word_1_294' title='bbox 0 0 1660 5750; x_wconf 95' lang='lat' dir='ltr'><strong> </strong></span> 
     </span>
    </p>
   </div>
  </div>
 </body>
</html>
