3309 5750
823 651 889 714 349

254 847 371 928 ,batum
409 866 510 937 quum
537 845 682 936 egregius
717 841 825 913 (lodex
858 844 897 913 V
893 848 1052 912 οιθιόοιεαν
1079 846 1280 925 δεκασθέντες
1312 860 1431 929 attulit,

253 954 356 1024 ¹Alius
377 953 411 1020 in
442 952 554 1021 eodem
582 953 677 1025 verbo
701 974 790 1019 error
808 952 883 1019 sutis
902 955 1004 1044 turpis
1024 954 1137 1024 osiris
1162 954 1265 1025 doctis
1284 966 1430 1037 nondum

257 1060 494 1128 animadversus
521 1071 579 1128 est.
628 1058 772 1127 Credunt
793 1058 913 1128 Graece
931 1060 996 1128 dici
1013 1085 1107 1155 posse
1124 1062 1345 1147 inpetuosum
1369 1084 1429 1150 pro

253 1167 419 1247 δωροδοκῶ,
444 1166 532 1260 qnod
551 1178 583 1233 et
600 1187 660 1256 per
675 1188 708 1231 se
728 1175 907 1255 spectatum
925 1166 1100 1235 absurdum
1117 1177 1212 1236 estet
1232 1168 1347 1235 nititur
1363 1188 1429 1233 uno

252 1270 326 1338 loco
355 1272 525 1365 depravato
554 1285 588 1339 et
607 1271 711 1337 -ieeile
740 1270 943 1338 emendando
965 1271 1199 1342 Duosnutuls
1216 1297 1249 1366 p.
1271 1276 1351 1351 446,
1372 1274 1426 1338 20.

252 1371 299 1441 ύτι
324 1377 388 1459 wip
408 1382 499 1445 ταῦθ’
524 1379 635 1450 ἁπλῶς
661 1375 916 1459 δεδωροδύκηνται
937 1377 991 1442 καὶ
1019 1379 1115 1458 τιμην
1142 1376 1268 1462 ἔχουσιν
1292 1377 1427 1444 ἅπαντα

250 1480 366 1547 τούτων
391 1478 473 1549 οὗτοι
498 1482 698 1563 πολλαχόθεν
716 1482 820 1557 δῆλον.
850 1493 884 1548 nt
906 1484 1133 1564 δωροδοκεῒσθαι
1163 1483 1285 1575 optime
1306 1475 1426 1548 Graece

250 1582 369 1652 dieitur
395 1585 445 1665 id,
479 1585 566 1677 quod
597 1585 668 1675 quis
683 1586 936 1670 δεδωροδοκηκθς
957 1587 1106 1655 adsersus
1126 1611 1225 1679 remp.
1244 1588 1372 1667 feeerit,
1391 1598 1424 1652 et

249 1688 292 1760 τοὶ
313 1692 570 1775 δωροδοκηθέντα.
599 1702 672 1757 sunt
704 1693 749 1757 τθο
779 1691 838 1756 ύπδ
874 1696 935 1760 τῶν
964 1693 1203 1774 δωροδοκούντων
1244 1694 1331 1760 κοντοὶ
1364 1701 1425 1768 τῆς

249 1792 369 1867 πόλεως
386 1796 582 1877 πραχθέντα.
618 1794 897 1888 Quemadmodum
917 1797 950 1866 in
970 1797 1073 1865 nobili
1096 1798 1329 1866 Duosuuttus
1347 1799 1421 1865 loeo

248 1911 297 1964 est
315 1922 347 1989 p.
369 1903 429 1979 34,
450 1904 503 1968 24.
527 1900 723 1981 προπέποται
741 1908 799 1976 τιῑς
815 1886 933 1968 αύτθκα
948 1903 1060 1979 Ινὶδονιῑς
1080 1904 1134 1970 καὶ
1150 1902 1282 1987 χύριτος
1302 1903 1345 1969 τοὶ
1363 1912 1421 1979 τῆς
1453 1891 1469 1917 ”

249 2002 368 2076 πόλεως
390 2002 589 2085 πράγματα,
614 2004 728 2071 eodem
749 2005 847 2072 modo
868 2004 1019 2074 dicebant
1042 2009 1085 2074 τοὶ
1106 2015 1163 2084 τῆς
1192 2007 1312 2082 πθλευς
1333 2010 1421 2091 δωρο-

248 2106 385 2177 δοκεῖται
415 2120 448 2175 et
475 2108 599 2199 saepius
617 2111 876 2191 καταδωροδοκεῖν
898 2134 956 2202 pro
976 2113 1198 2193 δωροδοκοῦντα
1222 2113 1421 2193 ἀπολλύναι,

249 2214 532 2287 ιιι-καθηδυπαθεῖν
551 2226 584 2279 et
602 2214 705 2280 mults
726 2215 801 2293 alis,
825 2214 888 2282 sid.
909 2216 1038 2283 lustin
1057 2213 1191 2283 xxvll.
1212 2221 1243 2284 3.
1265 2217 1319 2286 sed
1341 2220 1421 2309 quid

245 2314 368 2405 plural
416 2316 601 2383 Ausculum
620 2317 957 2388 usnossnsnsmieo
975 2344 1072 2412 opem
1091 2321 1171 2388 feret
1192 2333 1224 2388 et
1244 2323 1361 2389 efficiet
1380 2348 1422 2394 ne

248 2420 427 2486 scribarum
447 2421 605 2513 calumnia
625 2422 920 2492 circumveniam·
942 2426 1122 2493 Ausculum
1141 2428 1236 2493 verbs
1253 2427 1286 2491 in
1312 2426 1422 2497 Ctesi·

245 2519 445 2617 phonieap.
466 2529 528 2607 85,
550 2532 604 2593 25.
624 2530 643 2613 §
664 2530 741 2594 221.
763 2529 814 2594 ’τοὶ
839 2529 916 2611 γὰρ
929 2530 997 2611 περὶ
1023 2530 1095 2602 τοὺς
1123 2531 1328 2610 Ἀμφισσέας
1352 2535 1422 2610 ἧσε·
1459 2608 1467 2625 ⁶

244 2631 378 2709 βηραθνα
408 2656 455 2698 σοι
487 2631 540 2699 καὶ
569 2633 612 2699 τοὶ
637 2633 705 2715 περὶ
741 2635 797 2709 την
826 2634 966 2712 Εύβοιαν
992 2633 1231 2715 δωροδοκηθέντα
1261 2637 1422 2707 neminem

250 2734 400 2808 dubitare
430 2738 553 2816 sinent,
584 2738 664 2827 quin
696 2739 926 2812 Duuosruttuu
956 2737 1035 2804 haee
1059 2738 1100 2804 sit
1126 2761 1256 2805 munus:
1288 2737 1335 2808 ὅτι
1359 2744 1423 2827 γὰρ

250 2843 341 2908 ταῦθ’
362 2829 472 2916 οἷπλῶς
488 2843 733 2925 δεδωροδόκηται
755 2845 827 2912 ,κτὲ.
862 2844 1119 2936 quae-seriptum
1146 2844 1179 2909 in
1199 2845 1364 2913 nonnullis
1384 2835 1425 2914 li·

251 2947 317 3014 bris
336 2961 384 3015 est
404 2948 459 3015 sed
480 2949 636 3015 librorum
657 2950 815 3040 praesidio
836 2973 900 3017 non
918 2950 1055 3040 indiget3
1073 2951 1182 3041 itaque
1201 2951 1424 3034 δωροδοκοῦρααι

249 3076 288 3121 ox
316 3055 550 3138 δεδωροδθκηται
583 3067 650 3121 tsin-
672 3055 810 3123 absurde
829 3067 941 3122 netum
961 3068 1006 3122 est
1027 3077 1066 3120 eu
1087 3056 1114 3120 si
1135 3054 1207 3146 quis
1226 3077 1264 3120 ex
1283 3056 1327 3129 τθο
1353 3061 1425 3134 ηοε-

242 3160 379 3239 ,βημένα
406 3183 472 3233 σοι,
500 3159 544 3223 τοὶ
572 3160 640 3239 ἐμοὶ
669 3161 855 3240 βεβιωμένα
886 3161 984 3228 vellet
1013 3161 1196 3239 ύσεβοῦροαι
1225 3184 1284 3251 pro
1312 3163 1423 3242 οὲσεβῶ

249 3275 394 3354 repetere
423 3264 474 3331 vel
501 3287 560 3353 pro
586 3266 647 3343 βιῶ
674 3277 729 3332 sut
755 3267 795 3346 ζῶ
816 3267 965 3345 βιοῦμαι,
997 3285 1085 3330 nuno
1109 3264 1149 3329 nd
1173 3265 1352 3333 Lucmuuu
1373 3291 1424 3334 re·

251 3369 373 3436 deundi
402 3381 528 3460 tempus
551 3381 608 3437 est.
655 3370 771 3460 Magna
791 3393 897 3436 rernm
919 3369 1099 3436 Atticarum
1120 3369 1244 3434 inscitie
1264 3372 1427 3461 conspici·
1516 3430 1521 3436 .

238 3487 304 3550 ,tur
338 3474 372 3541 in
403 3479 458 3555 67,
485 3478 542 3555 12,
568 3478 596 3540 1.
633 3475 688 3541 nbi
714 3474 827 3541 Attica.
838 3474 988 3542 meretrix
1010 3474 1051 3540 ad
1071 3486 1244 3541 amatorem
1264 3475 1308 3541 ito
1328 3476 1423 3543 dicit:

250 3577 326 3648 οἷσθ’
349 3577 436 3655 ύσους
461 3580 577 3663 ἕραςθος
599 3580 883 3662 παρεπεμψιθραην,
906 3579 1060 3645 Ἠθοκλέα
1082 3567 1254 3668 (Νεοκλέα)
1277 3580 1330 3646 τδν
1349 3605 1426 3669 πρυ·
1502 3620 1532 3675 ι’

250 3685 423 3752 πανεύοντα
446 3689 498 3751 νύν
523 3685 577 3750 καὶ
602 3683 752 3751 Πασίωνα
775 3685 827 3750 τὸν
854 3682 1045 3766 ναύκληρον,
1075 3683 1166 3774 quusi
1193 3695 1274 3752 esset
1300 3685 1424 3777 aliquid

250 3791 286 3857 τδ
310 3789 522 3872 πρυτανεύειν.
558 3790 642 3857 Erat
655 3788 718 3855 hoe
737 3789 942 3878 magnificum
962 3789 996 3855 in
1015 3787 1257 3857 insulallhodo
1270 3791 1425 3861 ‹st-sicubi

238 3894 332 3962 ,alibi
351 3917 494 3965 summus
510 3895 711 3984 magistratus
730 3896 744 3960 ύ
766 3895 921 3976 Πρύτανις
943 3906 1009 3961 erut
1029 3907 1061 3962 et
1080 3893 1265 3977 dicebaturj:
1283 3895 1426 3969 ‚Athenis

237 4021 347 4067 ,nemo
377 4011 536 4068 crottam
568 4001 670 4067 tenuis
701 4014 733 4067 et
760 4001 869 4090 inops,
901 4001 981 4090 quin
1007 4000 1041 4066 id
1071 4001 1102 4069 ei
1121 4000 1234 4066 sortito
1261 4001 1426 4093 obtingere

240 4115 376 4196 posset,
397 4116 434 4170 ut
461 4103 609 4171 Secum
629 4106 753 4196 obtigit.
801 4107 967 4174 Praeterea
993 4114 1058 4176 non
1086 4107 1241 4174 dicuntur
1260 4107 1338 4179 olim
1359 4110 1425 4178 sin-

236 4212 320 4303 ¹guli
348 4208 549 4293 πρυτανεύειν
577 4210 675 4287 sede?
697 4214 797 4288 Φυλή.
833 4211 1003 4279 ὃοολιτιιε
1021 4215 1055 4279 in
1076 4215 1238 4281 Puuuottls
1256 4215 1425 4305 Apologia

251 4341 284 4410 p.
305 4320 348 4384 32
368 4336 398 4383 Β.
424 4314 600 4403 ἐβούλευσα
623 4314 675 4411 καὶ
696 4313 810 4394 ἔτυχεν
832 4320 917 4396 ἡμῶν
936 4321 953 4394 si
975 4321 1063 4401 φυλη
1091 4318 1426 4406 [Ἀντιοχθς]·πρυτα·

252 4420 399 4506 νεύουσα,
436 4419 491 4484 ubi
518 4419 626 4510 inepte
655 4418 779 4508 irrepsit
807 4422 980 4501 Ἀντιοχθςε
1013 4433 1095 4512 q'nae
1117 4424 1228 4490 fuisset
1246 4424 1302 4489 illa
1325 4425 1425 4490 tribus

253 4524 335 4590 nihil
365 4523 405 4588 ad
433 4547 501 4590 rem
531 4537 564 4591 ot
593 4523 736 4590 sciebant
765 4546 875 4589 omnes
900 4538 933 4590 et
957 4529 974 4602 ἧ
1005 4516 1446 4620 'Austozlq'requirebatun-

236 4629 368 4696 'Melius
398 4628 431 4693 in
461 4628 591 4720 Gorgia
617 4655 648 4722 p.
669 4633 733 4696 473
754 4648 784 4696 lt.
808 4629 915 4713 πέρυσι
939 4631 1100 4711 βουλεύειν
1123 4637 1252 4716 λαχὼν,
1278 4633 1382 4725 ἐπειδη
1407 4637 1424 4711 ἡ

213 4790 214 4793 ¹
250 4735 338 4822 φυλὴ
377 4733 565 4818 ἐπρυτάνευε
598 4738 652 4804 καὶ
687 4736 745 4806 ἔδει
782 4760 824 4817 με
858 4730 1061 4820 ἐπιψηφίζειν
1096 4737 1228 4818 γέλωτα
1262 4745 1424 4828 παρεῖχον.
