3309 5750
883 605 949 669 314

327 800 418 878 stris,
451 798 512 865 rid.
540 797 677 864 Lonrcrr
704 797 745 864 ad
776 798 1004 866 Pnnrnrcunrr
1025 824 1058 891 p.
1083 800 1158 866 160.
1205 800 1390 892 Sequiorer
1411 814 1510 871 umen

327 925 437 971 ornnes
466 904 611 986 διέφθορεν
631 904 782 969 dicebant
801 927 859 995 pro
881 906 1089 988 διέφθορμοιι,
1115 904 1232 972 frustra
1255 906 1507 976 admonentibus

325 1009 526 1087 doctoribus,
560 1020 597 1074 ut
625 1009 711 1100 apud
741 1010 922 1088 Lucrarurr
949 1011 1054 1103 ipsum
1085 1015 1196 1091 76,3.
1230 1013 1270 1078 σὺ
1304 1015 1339 1080 δὲ
1368 1017 1431 1081 dori
1458 1025 1506 1091 τῆς

329 1115 417 1195 alexa
440 1115 585 1187 τοιιδείοις
615 1118 840 1198 διέφθοροις,
865 1116 924 1187 oica
947 1119 1021 1196 μηδ’
1046 1118 1123 1182 eriri
1153 1122 1245 1183 τοῦτο
1276 1120 1504 1203 σολοικίζοντας

325 1228 535 1296 κοιτοινοησοιι,
562 1221 606 1309 [οὐ
627 1222 690 1304 peip
712 1222 855 1304 τρθοεςιν
875 1223 959 1303 αὐτῷ
979 1223 1015 1287 τὸ
1035 1222 1133 1310 τίνοι],
1154 1221 1211 1286 ubi
1230 1223 1325 1289 bono
1345 1226 1504 1314 magistro,

326 1324 382 1415 qui
411 1324 578 1415 adscripsit
606 1329 638 1392 οὐ
664 1328 727 1408 peip
757 1325 901 1407 eraderem
929 1328 1013 1407 οιύτῷ
1036 1327 1071 1391 τδ
1094 1326 1183 1402 τίνοι,
1215 1328 1339 1414 gratias
1370 1331 1504 1420 agimus,

325 1430 380 1494 sed
401 1431 468 1494 eius
487 1428 727 1496 annotationem
747 1430 912 1521 discipulis
927 1453 1024 1519 quam
1045 1429 1138 1496 nobis
1159 1432 1329 1499 utiliorem
1348 1424 1502 1527 expunge-

324 1560 406 1604 mus.
455 1536 618 1626 Quidquid
648 1538 789 1627 magistri
815 1536 1029 1602 reclamarunt
1056 1537 1201 1619 διέφθοροο
1226 1540 1501 1628 Ριο-διέφθοιρμοι

324 1654 435 1733 postea
466 1642 607 1707 omnium
634 1666 694 1708 usu
718 1643 828 1708 tritum
848 1655 904 1708 est.
952 1641 1105 1707 Dturtrus
1128 1642 1248 1732 quide
1268 1655 1436 1736 compto
1455 1646 1498 1711 di·

326 1748 425 1812 cendi
441 1770 505 1811 usu
524 1748 648 1837 scripsit
668 1760 701 1813 et
720 1748 838 1814 librum
862 1747 1022 1837 inscripsit
1043 1747 1110 1828 τερί
1134 1750 1373 1830 τοιρεφθοροίοις
1394 1751 1496 1830 λέξεως

325 1851 359 1917 in
389 1852 459 1942 ipso
486 1853 582 1918 titulo
613 1854 716 1943 operis
743 1856 798 1928 την
827 1853 970 1934 οέρχοιίοον
1001 1851 1163 1917 διοίλεοιτον
1194 1853 1394 1939 τοορὲφθορεν
1417 1857 1496 1922 etin

328 1958 422 2023 unica
443 1959 680 2040 observatione,
706 1982 788 2050 quae
809 1956 890 2023 rnihi
909 1981 945 2024 er
963 1956 1022 2022 illo
1042 1957 1127 2023 libro
1145 1958 1311 2040 innotuit,
1336 1960 1498 2028 rebemen·

328 2075 377 2129 ter
406 2064 547 2142 fallitur,
579 2063 665 2154 apud
694 2066 906 2131 drntnarutr
933 2062 990 2128 IX.
1013 2086 1044 2153 p.
1064 2066 1129 2130 368
1149 2081 1179 2128 n.
1210 2063 1387 2131 Lucretius
1410 2066 1498 2156 igitur

328 2192 401 2236 curn
423 2171 571 2236 omnibns
595 2193 702 2237 errans
720 2172 859 2256 ρίτροοοτοο
880 2169 1063 2251 διεφθορότα
1090 2167 1168 2235 dixit
1185 2194 1247 2261 pro
1266 2173 1418 2253 lasciva,
1444 2177 1495 2239 ιἰιι·

320 2276 468 2366 predica,
492 2300 625 2367 spurca.

375 2380 410 2446 ln
433 2381 569 2447 Timone
589 2388 626 2460 5,
651 2385 680 2448 4.
704 2381 775 2447 οὔτε
798 2380 917 2454 θθοντος
941 2378 987 2444 ἔτι
1011 2404 1057 2445 σοι
1082 2380 1162 2455 τινδς
1183 2381 1255 2449 οὔτε
1275 2388 1496 2467 ςεφοονοῦντος,

327 2487 464 2553 debebat
485 2488 601 2561 οὐδενός
622 2487 760 2553 scribere
779 2510 839 2577 pro
856 2485 954 2565 τινθς,
972 2479 1027 2550 sed
1045 2485 1161 2575 passim
1179 2486 1212 2551 in
1233 2488 1359 2554 talibus
1377 2500 1497 2580 peccat,

327 2594 391 2661 rid.
412 2601 429 2683 §
453 2600 503 2661 15.
528 2597 587 2670 14,
615 2597 665 2659 14.
699 2593 782 2658 Ibid.
803 2593 919 2668 πηνίκοι
940 2592 1024 2657 male
1045 2616 1103 2682 pro
1124 2592 1212 2659 τίτε.
1254 2594 1355 2685 Apud
1377 2596 1495 2661 Veteres

328 2699 444 2775 τηνίκοι
461 2700 528 2764 fere
550 2719 675 2786 semper
696 2696 814 2761 dicitur
834 2718 934 2784 quum
954 2696 1025 2786 quis
1045 2708 1152 2786 rogat,
1166 2722 1253 2786 quae
1262 2725 1358 2791 para
1376 2704 1447 2769 daei
1457 2706 1496 2767 sit

328 2805 399 2883 tel,
424 2817 459 2870 ut
481 2815 590 2895 postea
610 2802 772 2882 solebant,
795 2810 897 2890 quola
918 2803 1002 2866 hora
1021 2805 1085 2881 eit,
1104 2815 1140 2867 ut
1159 2803 1192 2867 in
1216 2802 1357 2872 Critone
1376 2833 1410 2901 p.
1422 2812 1461 2876 43
1471 2827 1496 2873 a.

323 2911 441 2985 τηνίκοο
462 2909 607 2988 μοίνιιςοις
633 2945 679 2958 -
704 2907 799 2989 ὄρθρος
824 2906 938 2985 βοιθιίς.
965 2907 1159 2998 ubicumque
1179 2911 1298 2986 τηνίκοο
1317 2925 1351 2978 et
1373 2914 1496 2991 ὁτηνίκο

326 3027 357 3079 et
378 3014 524 3089 τηνικοίδε
546 3023 719 3078 occurrunt
740 3011 862 3078 ridebis
885 3009 969 3076 hanc
989 3013 1144 3080 rationem
1168 3028 1323 3084 constare.
1369 3019 1498 3111 Sequio-

326 3142 376 3185 res
396 3119 505 3209 inepte
522 3119 638 3196 τηνίκοο
659 3118 809 3184 dicebant
828 3141 887 3209 pro
907 3118 1001 3194 τότε,
1019 3132 1120 3209 quota
1136 3123 1247 3189 dora?
1264 3149 1326 3214 pro
1341 3152 1409 3216 quo
1422 3137 1497 3193 lem·

319 3225 437 3319 pore?
461 3250 541 3316 quos
560 3225 643 3291 ridet
665 3227 711 3293 vir
731 3237 844 3291 acutus
864 3225 950 3316 apud
971 3226 1150 3294 Lucranurr
1171 3233 1229 3308 76,
1247 3238 1276 3296 5.
1298 3232 1358 3321 qui
1378 3247 1498 3324 rogatus

326 3333 444 3409 τηνίκοι
467 3331 560 3410 ἔξεισι
580 3332 760 3422 respondit:
795 3331 866 3422 quis
887 3331 946 3396 tibi
968 3331 1046 3396 dixit
1066 3355 1118 3398 me
1140 3334 1237 3400 hodie
1258 3334 1291 3400 id
1310 3336 1497 3406 facturuml

327 3437 448 3503 lterum
477 3449 589 3528 peccat
618 3430 789 3504 Lucterius
819 3442 877 3517 45,
898 3441 929 3503 6.
962 3437 1079 3514 τηνίκοο
1099 3439 1255 3518 διηγήσεις
1292 3466 1418 3531 ponens
1445 3468 1499 3537 pro

328 3545 463 3632 quando
490 3543 680 3610 narrabis?
723 3542 785 3629 Qui
816 3542 877 3609 hoc
906 3543 1027 3609 tenebit
1056 3543 1152 3609 facile
1180 3546 1367 3615 emendabit
1396 3552 1500 3620 ertto·

331 3646 743 3716 111011113Ᾰιοοθοι3ιήΙΙΙ.
763 3669 793 3716 1.
818 3654 867 3717 18.
892 3649 942 3717 ἕτί
965 3646 1083 3722 τούτοις
1102 3650 1248 3717 ε’θιίοοιντο
1271 3651 1354 3729 ίνιονς
1373 3658 1501 3734 ὁτηνίκοι

328 3757 381 3822 nat
416 3755 513 3830 δοκοίη
542 3764 598 3831 τῆς
627 3752 705 3835 ίίροις
731 3755 786 3828 την
817 3753 1116 3838 τορείοονοτοιοίντο,
1146 3754 1215 3845 lege
1244 3757 1381 3834 θτηνίκοο
1406 3761 1498 3838 δοκοίη

330 3871 491 3950 expuncto
520 3866 576 3932 τῆς
603 3856 700 3938 θροις,
736 3857 821 3947 quod
853 3869 964 3923 natum
993 3869 1040 3923 est
1066 3882 1103 3924 er
1132 3863 1340 3931 annotatione
1372 3868 1501 3943 ἕτίτῆς

329 3963 406 4044 ὥροις
429 3963 469 4028 ad
490 3963 621 4038 ὁτηνίκοο
644 3961 720 4025 olim
740 3960 908 4052 adscripta.
954 3962 992 4028 ln
1013 3964 1191 4033 1131111113
1214 3969 1418 4041 Τιἰοιανοίιοα
1439 3978 1501 4065 §a

329 4069 487 4148 διοορρνίδην
508 4065 705 4130 οίνιοδείιινοσι
730 4073 847 4148 πρῶτον
875 4069 933 4147 μὲν
958 4066 993 4143 ἣν
1019 4069 1097 4153 ι’ίροιν
1121 4076 1265 4154 προσήκει
1292 4077 1372 4143 ίὲνοοι
1403 4083 1446 4155 εἷς
1468 4081 1500 4145 ri

311 4172 546 4237 -διδοιοκοιλεῖον
570 4171 623 4236 ael
648 4171 780 4248 ίτηνίιιοι
810 4173 958 4251 οὶτιένοοι,
994 4198 1068 4243 usus
1099 4179 1266 4246 verborum
1294 4179 1434 4267 incipero
1464 4186 1500 4252 ab

307 4367 309 4370 Ι
329 4289 433 4344 aetate
458 4277 631 4344 dnscnrrrrs
649 4277 800 4344 abhorret
824 4292 856 4345 et
876 4278 910 4356 ίίν
931 4305 991 4372 pro
1010 4284 1082 4351 τίνοι
1101 4286 1240 4376 positum
1262 4288 1314 4354 rel
1334 4295 1435 4369 τοςην
1454 4317 1501 4359 ar·

330 4385 398 4476 guit
430 4383 630 4449 Graeculum.
687 4385 829 4451 Emenda
860 4393 976 4469 πρῶτον
1009 4391 1066 4470 μὲν
1098 4392 1229 4466 ὁτηνίκοι
1257 4397 1406 4475 τροσθκει
1437 4400 1500 4466 ari.

329 4489 550 4580 interpretatio
582 4512 685 4554 rerarn
711 4492 899 4585 scripturam
928 4495 1060 4584 expulit.
1112 4495 1237 4562 Addam
1268 4497 1316 4564 his
1346 4504 1502 4571 nonnulla

331 4609 463 4690 propter
484 4595 682 4661 Locrorum
702 4596 741 4662 ad
763 4598 988 4668 Pnnrarcnurt
1005 4623 1038 4690 p.
1059 4604 1102 4665 50
1121 4613 1153 4667 et
1173 4614 1208 4667 ut
1230 4626 1267 4669 ea
1289 4611 1502 4678 controversia

332 4705 510 4782 dirimatur.
565 4701 781 4769 Pflnrttlcutrs
814 4702 925 4769 docem
960 4702 1101 4780 τηνίκοο
1135 4706 1180 4784 μη
1214 4707 1301 4788 είτης
1337 4714 1411 4780 aior>
1450 4720 1502 4782 τοῦ

1055 4928 1291 5108 Α
