3309 5750
749 725 789 787 17

171 902 239 969 καθ’
258 896 329 979 θμθ
341 895 442 977 aaut
466 922 502 964 τε
518 904 568 982 τᾷ
593 896 709 979 Φύσει
731 895 823 975 έθεοι,
850 915 961 963 rerum
985 903 1035 961 cst
1056 895 1258 977 ›cooptat-sat
1271 921 1306 963 τε
1317 902 1360 981 τᾷ

167 1007 259 1091 φύσι.
290 1026 321 1091 p.
348 1008 435 1080 741,
461 1006 513 1069 75.
537 1002 597 1069 τθιν
617 1001 798 1086 φοέμεσεν
831 1002 987 1083 ἐνέργειαν
1010 1003 1126 1083 οἱρετῖις
1149 1002 1268 1077 codex,
1294 1002 1359 1068 crli·

169 1119 226 1177 tur
245 1109 372 1194 φθμες,
406 1110 529 1174 rectius
558 1108 690 1191 φωμές,
727 1114 763 1172 ut
795 1105 836 1171 ab
868 1106 962 1171 initio
991 1107 1110 1190 φοιντθ,
1147 1128 1209 1173 νον
1237 1106 1359 1191 φθντι,

169 1216 255 1304 quod
281 1215 488 1302 participium
522 1220 582 1279 est.
620 1213 703 1289 741,
730 1215 784 1277 17.
814 1211 921 1293 atqup
944 1211 1033 1286 τέλος
1052 1211 1169 1279 διθνοιοι
1191 1212 1358 1279 nihilest:

168 1314 223 1399 τὲ,
247 1320 332 1408 quod
352 1322 386 1385 in
405 1318 475 1385 cod.
496 1324 566 1391 est,
590 1314 751 1400 significat
774 1315 902 1399 τέληος,
923 1316 1008 1402 quod
1028 1317 1215 1384 Garsroaous
1229 1318 1358 1405 reperit.

170 1430 258 1503 741,
283 1430 314 1491 a.
341 1424 401 1491 τοθν
421 1448 457 1490 τε
479 1420 582 1487 κοινθιν
601 1419 687 1485 νίκων
707 1420 856 1501 smnus,
887 1420 948 1488 ποθι
975 1448 1011 1489 τε
1039 1424 1141 1489 κοινὰν
1163 1424 1250 1498 νέκοος
1273 1426 1360 1489 νέκοιι

169 1530 284 1596 Eruet.
309 1528 369 1595 τθν
398 1552 434 1594 τε
459 1523 675 1591 κοινωνοιτικθν
695 1524 890 1595 Gusromus.
949 1526 1034 1609 Quid
1057 1547 1170 1594 verum
1196 1529 1238 1594 sit
1261 1529 1359 1594 certis

172 1634 322 1719 vestigiis
343 1630 490 1717 indagari
512 1637 627 1717 potest.
667 1630 715 1696 Ex
735 1632 868 1718 antiqua
890 1631 991 1698 forma
1010 1632 1153 1711 ξννθονες
1177 1642 1291 1700 natum
1313 1640 1362 1699 est

172 1737 312 1816 ξννηονες
325 1737 456 1813 locum,
476 1734 648 1801 Atticorum
664 1734 807 1813 ξννῶνες,
829 1736 1030 1803 Dorienriom
1041 1736 1179 1815 ξυνοῖνες,
1193 1746 1229 1805 ut
1249 1741 1362 1819 πωρηο·

170 1869 242 1927 ρος,
274 1842 432 1924 ποθροορος,
463 1840 623 1922 μετέωρος.
676 1840 797 1907 Eodem
827 1841 921 1908 morlo
955 1862 994 1908 cx
1021 1842 1190 1919 κοποθονες,
1226 1851 1361 1917 κοινῶνες

170 1949 284 2027 Attici,
308 1948 408 2013 Doroa
430 1945 611 2012 formarunt
632 1951 768 2021 κοινοῖνες
781 1996 791 2025 ,
807 1954 845 2013 ut
874 1968 912 2013 ex
937 1946 1055 2030 θεοθορος
1076 1948 1123 2013 itti
1146 1951 1246 2032 θεωροθ
1271 1959 1304 2015 at
1328 1948 1363 2013 hi

168 2061 363 2141 receperunt
378 2052 494 2132 θεωροῖς
514 2050 589 2116 hine
607 2051 707 2117 Dor-er
718 2052 860 2118 κοινωνέω
880 2050 1030 2118 dicebant
1044 2103 1052 2130 ‚
1066 2074 1127 2119 uon
1141 2056 1282 2121 κοινωνέον
1298 2105 1305 2131 ,
1329 2060 1362 2119 et

167 2180 225 2248 pro
249 2158 415 2232 κοινωνικθς
435 2156 481 2222 iili
505 2156 672 2231 κοινωνικθς
697 2155 868 2242 ponebant.
914 2155 1137 2225 obscurarunt
1161 2162 1281 2246 passim
1304 2159 1362 2225 has

169 2267 289 2335 formas
322 2262 468 2338 scribae,
508 2267 541 2326 at
571 2281 634 2325 non
662 2268 839 2347 potuerunt
867 2264 975 2329 omnia
1005 2265 1142 2350 vestigia
1175 2264 1282 2331 delere
1317 2266 1365 2330 sio

168 2379 205 2437 ut
228 2370 327 2437 litura
359 2389 423 2434 νον
448 2374 629 2452 appareret.
676 2366 954 2453 Peropportunum
977 2370 1092 2435 vitium
1117 2370 1150 2434 in
1180 2370 1364 2436 Trrucromrs

169 2475 262 2543 codd.
286 2474 324 2539 V.
346 2477 399 2538 79.
421 2472 474 2537 rai
498 2472 529 2536 δὲ
561 2469 661 2537 έολλιιι
683 2471 790 2548 πόλιες
807 2475 861 2540 τοιὶ
885 2476 915 2539 ἐν
937 2474 1161 2558 Πελοποννθσιρ
1177 2480 1279 2541 κοινιῖν
1300 2474 1363 2541 ἐθν-

167 2606 228 2648 των
251 2584 312 2646 τῖον
330 2578 466 2645 σπονδοῖν
486 2577 539 2643 κοιὶ
563 2581 623 2642 τοῖν
646 2575 838 2660 ξνμμωχιῖιν
862 2579 966 2664 ipsam
995 2579 1142 2646 historici
1168 2599 1299 2645 manum
1323 2578 1364 2644 ad

170 2707 229 2753 nus
263 2684 452 2772 propagarit
477 2684 631 2748 intactam
661 2682 895 2762 κοινωνεθντων,
930 2682 1036 2750 indice
1060 2683 1289 2749 Vaccrerucam
1323 2682 1365 2749 arl

169 2791 288 2858 Ρθιοονι.
314 2808 361 2855 vs.
387 2790 471 2865 196,
494 2788 549 2873 qui
578 2785 668 2852 locus
688 2786 832 2853 nondum
852 2798 1042 2876 persanatus
1064 2796 1113 2855 est
1137 2795 1264 2865 tamea,
1288 2807 1363 2854 nam

168 2902 229 2973 τοῖς
254 2893 447 2975 ξυμμαχίας
468 2890 697 2979 reponendum.
747 2894 795 2959 Er
825 2894 876 2960 his
900 2896 1000 2981 igitur
1023 2894 1117 2961 facile
1140 2901 1189 2960 est
1214 2894 1364 2979 colligere

171 3004 336 3070 anenata
368 2997 540 3064 κοινωνικοέν
564 3016 633 3063 esse
656 2997 877 3067 reddendum:
899 3000 970 3068 ποτὶ
995 3003 1046 3069 δύο
1067 3001 1174 3083 ιὶρχθις
1188 3038 1230 3051 -
1247 2999 1307 3066 τοὶν
1325 3025 1361 3066 τε

170 3105 346 3176 κοινωνικοὶν
362 3105 413 3169 aa>
430 3104 489 3169 τθιν
511 3104 714 3184 εἰδημονικοθν.
764 3104 937 3191 Sequitur:
960 3108 1013 3173 κκὶ
1034 3107 1097 3189 μοὶρ
1121 3109 1155 3172 ai
1174 3106 1260 3171 κοντοὶ
1278 3105 1365 3180 ποίοις

169 3215 362 3293 οὶντιληψικς
382 3209 512 3275 δοκέοντι
530 3210 709 3288 οὶντιθλθβεν
732 3209 884 3286 &tacitae
909 3221 956 3297 τρῖ
975 3215 1138 3297 atym,
1157 3219 1206 3297 τᾷ
1231 3213 1287 3289 μὲν
1300 3210 1364 3293 γὰρ

170 3324 354 3400 πολιτικᾷ
376 3315 648 3398 οἱφέλκονσωιτοῖς
661 3315 864 3397 θεωρέοις,τέι
877 3318 913 3382 δὲ
930 3320 1142 3401 θεωρητικρῖ
1160 3318 1223 3382 οὶτθ
1236 3321 1295 3391 τοῖς
1309 3341 1367 3383 πο·

169 3423 293 3498 λιτειόις
313 3419 495 3502 μετάμοισοι
519 3422 550 3494 ές
575 3420 732 3500 οὶσνχθοον·
757 3418 890 3487 ἄλλων
910 3423 954 3488 τοὶ
977 3422 1118 3504 πέροιτοι,
1147 3421 1185 3488 ὧν
1209 3423 1366 3502 οὶψοιμένοι

167 3529 190 3595 οἱ
211 3529 309 3613 Φύσις
331 3525 494 3601 οέπέθειξεν
517 3526 547 3589 ἐν
570 3526 675 3605 τωνσῷ
696 3524 857 3603 utapro.
883 3526 1014 3592 Scribe:
1035 3527 1087 3591 aci
1101 3527 1164 3608 μθιρ
1184 3529 1216 3592 ai
1229 3527 1365 3592 -δοκθ

168 3657 230 3702 οντι
252 3633 433 3711 οθντιθλθβεν
458 3628 610 3702 οὲλλοθλοις
632 3629 696 3695 τοι)
719 3630 906 3708 erepat,
924 3630 987 3697 τοι)
1008 3632 1142 3712 μέννθιρ
1159 3632 1363 3698 πολιτικοιὶ

168 3739 368 3823 οὶφέλκονσοιι
390 3741 450 3810 τοῖς
474 3735 616 3816 θεωρέως,
631 3733 694 3801 τοι)
720 3735 758 3801 δὲ
778 3736 1001 3820 θεωρητικοὶ
1015 3738 1101 3811 -ἐς
1114 3737 1366 3819 οὶσνχέοον,οὶλλ’

169 3843 207 3912 ὦν
230 3844 275 3912 τοὶ
300 3843 423 3925 πέροιτοι
446 3839 657 3922 σννοιψοιμένοι
681 3841 702 3905 οὶ
723 3841 819 3925 φύσις
844 3884 889 3897 -
907 3843 1068 3924 eruptio.
1116 3843 1206 3910 Ultro
1233 3853 1364 3930 apparot

169 3951 202 4016 in
233 3970 322 4037 seqq.
358 3951 390 4015 οὐ
424 3947 487 4027 γὰρ
512 3945 697 4021 οέντιποιθέες
726 3949 789 4014 ε’ντὶ
814 3957 857 4034 τᾷ
887 3951 985 4034 οἱρετρῖ
1010 3948 1181 4034 legendum
1209 3969 1278 4015 esse
1308 3952 1362 4023 τοιὶ

168 4055 290 4138 ciperani.
322 4052 408 4139 quod
432 4052 584 4118 continuo
610 4053 774 4138 sequitur:
799 4056 832 4120 ωἱ
855 4056 886 4120 δέ
908 4056 950 4121 κοέ
974 4080 1022 4130 τις
1043 4057 1077 4120 ἐκ
1108 4055 1195 4121 νέων
1220 4056 1362 4137 ὅρμοιθεθς

169 4162 264 4235 ωὐτὸς
286 4157 460 4241 οὶρμθζητοιι
485 4159 528 4232 εἰς
546 4158 605 4232 πέος
618 4158 723 4239 οὶρχοὶς
743 4159 815 4225 τέιν
837 4161 978 4242 οὶρετθιν
990 4200 1035 4210 -
1047 4162 1145 4243 εὔροον
1156 4162 1224 4240 βίον
1242 4160 1365 4239 διεξοθ·

170 4291 230 4345 νει
264 4283 381 4330 sanum
403 4265 467 4329 erit
489 4264 516 4328 si
541 4262 658 4347 legeris
681 4265 716 4328 ἐκ
745 4265 822 4341 νέω,
852 4270 911 4332 τῖιν
938 4268 1054 4347 οὶρετοῖν
1076 4275 1108 4332 et
1131 4266 1240 4345 διωξεῑ.
1288 4266 1365 4352 Pag.

174 4370 370 4447 741,14κὶ
391 4370 422 4434 δὲ
441 4370 517 4447 μήτ’
533 4369 627 4442 ωὐτὸς
653 4369 746 4435 νέοιτο
768 4371 946 4453 ποτίφορον,
970 4372 1096 4457 corrige
1119 4373 1190 4439 νοέοι
1214 4373 1258 4440 τοὶ
1279 4373 1365 4439 ποτί-

172 4481 265 4559 φορον.
314 4473 390 4559 Pag.
413 4478 553 4551 745,14
582 4474 737 4553 ἢέμέσης
761 4477 797 4552 δη
824 4476 856 4540 δὲ
879 4476 932 4540 nai
963 4477 1123 4562 οἱφθσις,
1147 4477 1224 4545 latet
1249 4478 1281 4543 in
1306 4476 1367 4542 hoc

176 4587 319 4647 monstro
339 4579 516 4657 ἐνεμεσήθη.
547 4578 684 4665 denique
707 4601 736 4666 p.
759 4587 846 4658 743,
871 4586 911 4647 16
940 4585 1016 4649 ἀλλ’
1041 4588 1130 4663 ἡμεῖς
1154 4609 1194 4663 με
1218 4583 1366 4659 λέγοντες

178 4693 267 4766 popa
289 4685 348 4767 μέν
377 4681 464 4765 εἶμεν
492 4688 604 4766 ψυχᾶς
628 4684 775 4768 θρνοινον,
806 4687 868 4753 νθον
897 4689 928 4753 δέ
953 4689 1098 4768 οὶρεμθνω
1131 4690 1196 4753 κτὲ.
1244 4687 1369 4773 Perspi-

178 4811 274 4863 cuum
310 4797 359 4859 est
388 4791 526 4871 λέγομες
563 4792 738 4877 genuinum
775 4814 866 4870 esse,
904 4793 1019 4862 deinde
1055 4793 1135 4874 θμέο
1174 4810 1236 4856 νον
1267 4793 1367 4870 ἡμεῖς.

1192 4903 1205 4940 2
