<?xml version="1.0" encoding="UTF-8"?>
<!DOCTYPE html PUBLIC "-//W3C//DTD XHTML 1.0 Transitional//EN"
    "http://www.w3.org/TR/xhtml1/DTD/xhtml1-transitional.dtd">
<html xmlns="http://www.w3.org/1999/xhtml" xml:lang="en" lang="en">
 <head>
  <title>
</title>
<meta http-equiv="Content-Type" content="text/html;charset=utf-8" />
  <meta name='ocr-system' content='tesseract 3.04.00' />
  <meta name='ocr-capabilities' content='ocr_page ocr_carea ocr_par ocr_line ocrx_word'/>
</head>
<body>
  <div class='ocr_page' id='page_1' title='image "./variaelectiones01cobegoog_0076.png"; bbox 0 0 3309 5750; ppageno 0'>
   <div class='ocr_carea' id='block_1_1' title="bbox 878 625 920 690">
    <p class='ocr_par' dir='ltr' id='par_1_1' title="bbox 878 625 920 690">
     <span class='ocr_line' id='line_1_1' title="bbox 878 625 920 690; baseline 0.095 -4"><span class='ocrx_word' id='word_1_1' title='bbox 878 625 920 690; x_wconf 80' lang='lat'><strong>57</strong></span> 
     </span>
    </p>
   </div>
   <div class='ocr_carea' id='block_1_2' title="bbox 290 795 1485 4674">
    <p class='ocr_par' dir='ltr' id='par_1_2' title="bbox 472 795 1132 878">
     <span class='ocr_line' id='line_1_2' title="bbox 472 795 1132 878; baseline 0 -15"><span class='ocrx_word' id='word_1_2' title='bbox 472 798 559 873; x_wconf 78' lang='grc' dir='ltr'><strong><em>οἰοῖ,</em></strong></span> <span class='ocrx_word' id='word_1_3' title='bbox 585 795 647 862; x_wconf 83' lang='grc' dir='ltr'><strong><em>τάδ’</em></strong></span> <span class='ocrx_word' id='word_1_4' title='bbox 672 796 727 874; x_wconf 75' lang='grc' dir='ltr'><strong>ἤδη</strong></span> <span class='ocrx_word' id='word_1_5' title='bbox 752 799 826 863; x_wconf 79' lang='grc' dir='ltr'><strong><em>θεῖον</em></strong></span> <span class='ocrx_word' id='word_1_6' title='bbox 849 798 1013 878; x_wconf 75' lang='grc' dir='ltr'><strong><em>άνάράποις</em></strong></span> <span class='ocrx_word' id='word_1_7' title='bbox 1038 798 1132 864; x_wconf 84' lang='grc' dir='ltr'><strong><em>κοινάν</em></strong></span> 
     </span>
    </p>

    <p class='ocr_par' dir='ltr' id='par_1_3' title="bbox 290 899 1482 1391">
     <span class='ocr_line' id='line_1_3' title="bbox 469 899 1139 987; baseline 0 -20"><span class='ocrx_word' id='word_1_8' title='bbox 469 899 544 969; x_wconf 81' lang='grc' dir='ltr'><strong><em>άτοον</em></strong></span> <span class='ocrx_word' id='word_1_9' title='bbox 567 926 615 976; x_wconf 89' lang='grc' dir='ltr'><strong>τις</strong></span> <span class='ocrx_word' id='word_1_10' title='bbox 639 901 702 987; x_wconf 69' lang='grc' dir='ltr'><strong><em>εἰδῇ</em></strong></span> <span class='ocrx_word' id='word_1_11' title='bbox 726 903 888 982; x_wconf 62' lang='lat' dir='ltr'><strong>adpetii,</strong></span> <span class='ocrx_word' id='word_1_12' title='bbox 910 902 1005 986; x_wconf 75' lang='grc' dir='ltr'><strong><em>δράορ</em></strong></span> <span class='ocrx_word' id='word_1_13' title='bbox 1027 903 1059 969; x_wconf 82' lang='grc' dir='ltr'><strong>δὲ</strong></span> <span class='ocrx_word' id='word_1_14' title='bbox 1082 904 1139 982; x_wconf 74' lang='grc' dir='ltr'><strong>μή.</strong></span> 
     </span>
     <span class='ocr_line' id='line_1_4' title="bbox 291 999 1479 1096; baseline 0.002 -21"><span class='ocrx_word' id='word_1_15' title='bbox 291 1005 331 1075; x_wconf 84' lang='lat' dir='ltr'><strong>de</strong></span> <span class='ocrx_word' id='word_1_16' title='bbox 350 1026 414 1096; x_wconf 87' lang='lat' dir='ltr'><strong>quo</strong></span> <span class='ocrx_word' id='word_1_17' title='bbox 430 999 509 1075; x_wconf 52' lang='lat' dir='ltr'><strong>‘vide</strong></span> <span class='ocrx_word' id='word_1_18' title='bbox 532 1006 687 1076; x_wconf 69' lang='lat' dir='ltr'><strong>Vononen.</strong></span> <span class='ocrx_word' id='word_1_19' title='bbox 712 1007 814 1073; x_wconf 75' lang='lat' dir='ltr'><strong>Dicor.</strong></span> <span class='ocrx_word' id='word_1_20' title='bbox 839 1029 871 1096; x_wconf 90' lang='lat' dir='ltr'><strong>p.</strong></span> <span class='ocrx_word' id='word_1_21' title='bbox 892 1012 951 1074; x_wconf 69' lang='lat'><strong>22:</strong></span> <span class='ocrx_word' id='word_1_22' title='bbox 976 1008 1058 1095; x_wconf 86' lang='lat' dir='ltr'><strong>quod</strong></span> <span class='ocrx_word' id='word_1_23' title='bbox 1078 1016 1196 1074; x_wconf 83' lang='lat' dir='ltr'><strong>rectum</strong></span> <span class='ocrx_word' id='word_1_24' title='bbox 1220 1016 1265 1072; x_wconf 82' lang='lat' dir='ltr'><strong>cst</strong></span> <span class='ocrx_word' id='word_1_25' title='bbox 1286 1007 1374 1076; x_wconf 87' lang='lat' dir='ltr'><strong>vides</strong></span> <span class='ocrx_word' id='word_1_26' title='bbox 1394 1005 1479 1077; x_wconf 86' lang='lat' dir='ltr'><strong>dici:</strong></span> 
     </span>
     <span class='ocr_line' id='line_1_5' title="bbox 290 1112 1482 1198; baseline 0.001 -18"><span class='ocrx_word' id='word_1_27' title='bbox 290 1122 324 1181; x_wconf 88' lang='lat' dir='ltr'><strong>at</strong></span> <span class='ocrx_word' id='word_1_28' title='bbox 347 1134 410 1179; x_wconf 92' lang='lat' dir='ltr'><strong>non</strong></span> <span class='ocrx_word' id='word_1_29' title='bbox 434 1112 494 1179; x_wconf 92' lang='lat' dir='ltr'><strong>hoc</strong></span> <span class='ocrx_word' id='word_1_30' title='bbox 517 1112 596 1178; x_wconf 90' lang='lat' dir='ltr'><strong>dicit</strong></span> <span class='ocrx_word' id='word_1_31' title='bbox 619 1112 806 1192; x_wconf 82' lang='lat' dir='ltr'><strong>Sornocnrs,</strong></span> <span class='ocrx_word' id='word_1_32' title='bbox 832 1112 910 1179; x_wconf 81' lang='lat' dir='ltr'><strong>dono</strong></span> <span class='ocrx_word' id='word_1_33' title='bbox 933 1133 991 1180; x_wconf 92' lang='lat' dir='ltr'><strong>sua</strong></span> <span class='ocrx_word' id='word_1_34' title='bbox 1015 1120 1111 1198; x_wconf 80' lang='lat' dir='ltr'><strong>negat</strong></span> <span class='ocrx_word' id='word_1_35' title='bbox 1135 1131 1228 1178; x_wconf 86' lang='lat' dir='ltr'><strong>nosse</strong></span> <span class='ocrx_word' id='word_1_36' title='bbox 1252 1112 1368 1180; x_wconf 85' lang='lat' dir='ltr'><strong>stultos</strong></span> <span class='ocrx_word' id='word_1_37' title='bbox 1391 1121 1482 1181; x_wconf 85' lang='lat' dir='ltr'><strong>ante·</strong></span> 
     </span>
     <span class='ocr_line' id='line_1_6' title="bbox 290 1205 1481 1306; baseline 0 -21"><span class='ocrx_word' id='word_1_38' title='bbox 290 1238 388 1306; x_wconf 88' lang='lat' dir='ltr'><strong>quam</strong></span> <span class='ocrx_word' id='word_1_39' title='bbox 409 1219 577 1285; x_wconf 87' lang='lat' dir='ltr'><strong>amiserint</strong></span> <span class='ocrx_word' id='word_1_40' title='bbox 596 1225 629 1284; x_wconf 85' lang='lat' dir='ltr'><strong>et</strong></span> <span class='ocrx_word' id='word_1_41' title='bbox 648 1216 780 1297; x_wconf 66' lang='grc' dir='ltr'><strong><em>τάγαθά</em></strong></span> <span class='ocrx_word' id='word_1_42' title='bbox 800 1217 935 1285; x_wconf 84' lang='lat' dir='ltr'><strong>debebat</strong></span> <span class='ocrx_word' id='word_1_43' title='bbox 958 1217 1075 1284; x_wconf 78' lang='lat' dir='ltr'><strong>dicere.</strong></span> <span class='ocrx_word' id='word_1_44' title='bbox 1112 1216 1187 1285; x_wconf 85' lang='lat' dir='ltr'><strong>Oet</strong></span> <span class='ocrx_word' id='word_1_45' title='bbox 1208 1205 1386 1291; x_wconf 60' lang='lat' dir='ltr'><strong>e&#39;coniusa</strong></span> <span class='ocrx_word' id='word_1_46' title='bbox 1402 1217 1481 1285; x_wconf 90' lang='lat' dir='ltr'><strong>olim</strong></span> 
     </span>
     <span class='ocr_line' id='line_1_7' title="bbox 292 1322 697 1391; baseline -0.005 0"><span class='ocrx_word' id='word_1_47' title='bbox 292 1331 369 1391; x_wconf 85' lang='lat' dir='ltr'><strong>sunt</strong></span> <span class='ocrx_word' id='word_1_48' title='bbox 391 1333 424 1390; x_wconf 88' lang='lat' dir='ltr'><strong>et</strong></span> <span class='ocrx_word' id='word_1_49' title='bbox 442 1322 697 1391; x_wconf 90' lang='lat' dir='ltr'><strong>emendandum:</strong></span> 
     </span>
    </p>

    <p class='ocr_par' dir='ltr' id='par_1_4' title="bbox 291 1426 1485 1827">
     <span class='ocr_line' id='line_1_8' title="bbox 474 1426 1194 1519; baseline -0.003 -23"><span class='ocrx_word' id='word_1_50' title='bbox 474 1427 619 1508; x_wconf 67' lang='lat' dir='ltr'><strong>adyto’</strong></span> <span class='ocrx_word' id='word_1_51' title='bbox 644 1430 675 1493; x_wconf 83' lang='grc' dir='ltr'><strong>ἕν</strong></span> <span class='ocrx_word' id='word_1_52' title='bbox 698 1436 801 1511; x_wconf 79' lang='grc' dir='ltr'><em>χεροῖν</em></span> <span class='ocrx_word' id='word_1_53' title='bbox 822 1427 975 1519; x_wconf 75' lang='grc' dir='ltr'><strong><em>[ἔχοντες</em></strong></span> <span class='ocrx_word' id='word_1_54' title='bbox 999 1432 1052 1496; x_wconf 76' lang='grc' dir='ltr'><strong>οὐκ</strong></span> <span class='ocrx_word' id='word_1_55' title='bbox 1076 1426 1194 1494; x_wconf 71' lang='grc' dir='ltr'><strong><em>ἴσοισι.</em></strong></span> 
     </span>
     <span class='ocr_line' id='line_1_9' title="bbox 291 1530 1481 1626; baseline -0.003 -25"><span class='ocrx_word' id='word_1_56' title='bbox 291 1534 330 1626; x_wconf 78' lang='lat' dir='ltr'><strong>In</strong></span> <span class='ocrx_word' id='word_1_57' title='bbox 349 1534 469 1601; x_wconf 88' lang='lat' dir='ltr'><strong>vicinia</strong></span> <span class='ocrx_word' id='word_1_58' title='bbox 500 1553 530 1620; x_wconf 88' lang='lat' dir='ltr'><strong>p.</strong></span> <span class='ocrx_word' id='word_1_59' title='bbox 553 1537 637 1609; x_wconf 72' lang='lat'><strong>726,</strong></span> <span class='ocrx_word' id='word_1_60' title='bbox 667 1538 707 1598; x_wconf 77' lang='lat' dir='ltr'><strong>lu</strong></span> <span class='ocrx_word' id='word_1_61' title='bbox 741 1554 804 1600; x_wconf 90' lang='lat' dir='ltr'><strong>una</strong></span> <span class='ocrx_word' id='word_1_62' title='bbox 827 1532 973 1601; x_wconf 80' lang='lat' dir='ltr'><strong>litterula</strong></span> <span class='ocrx_word' id='word_1_63' title='bbox 995 1534 1115 1600; x_wconf 84' lang='lat' dir='ltr'><strong>extrita</strong></span> <span class='ocrx_word' id='word_1_64' title='bbox 1138 1530 1214 1598; x_wconf 84' lang='lat' dir='ltr'><strong>iecit</strong></span> <span class='ocrx_word' id='word_1_65' title='bbox 1237 1538 1272 1597; x_wconf 91' lang='lat' dir='ltr'><strong>ut</strong></span> <span class='ocrx_word' id='word_1_66' title='bbox 1295 1531 1481 1598; x_wconf 72' lang='lat' dir='ltr'><strong>Auruncum</strong></span> 
     </span>
     <span class='ocr_line' id='line_1_10' title="bbox 291 1636 1485 1726; baseline -0.004 -19"><span class='ocrx_word' id='word_1_67' title='bbox 291 1639 416 1707; x_wconf 90' lang='lat' dir='ltr'><strong>dictum</strong></span> <span class='ocrx_word' id='word_1_68' title='bbox 451 1658 547 1705; x_wconf 88' lang='lat' dir='ltr'><strong>sensu</strong></span> <span class='ocrx_word' id='word_1_69' title='bbox 572 1644 708 1704; x_wconf 82' lang='lat' dir='ltr'><strong>careret.</strong></span> <span class='ocrx_word' id='word_1_70' title='bbox 755 1636 841 1704; x_wconf 80' lang='lat' dir='ltr'><strong>Dicit</strong></span> <span class='ocrx_word' id='word_1_71' title='bbox 866 1646 960 1726; x_wconf 81' lang='lat' dir='ltr'><strong>poeta</strong></span> <span class='ocrx_word' id='word_1_72' title='bbox 978 1638 1079 1706; x_wconf 90' lang='lat' dir='ltr'><strong>solere</strong></span> <span class='ocrx_word' id='word_1_73' title='bbox 1102 1658 1178 1715; x_wconf 77' lang='lat' dir='ltr'><strong>eoo,</strong></span> <span class='ocrx_word' id='word_1_74' title='bbox 1202 1636 1258 1723; x_wconf 93' lang='lat' dir='ltr'><strong>qui</strong></span> <span class='ocrx_word' id='word_1_75' title='bbox 1282 1643 1369 1702; x_wconf 85' lang='lat' dir='ltr'><strong>artes</strong></span> <span class='ocrx_word' id='word_1_76' title='bbox 1392 1636 1485 1723; x_wconf 79' lang='lat' dir='ltr'><strong>inge.</strong></span> 
     </span>
     <span class='ocr_line' id='line_1_11' title="bbox 294 1740 734 1827; baseline -0.016 -13"><span class='ocrx_word' id='word_1_77' title='bbox 294 1764 377 1814; x_wconf 86' lang='lat' dir='ltr'><strong>uuas</strong></span> <span class='ocrx_word' id='word_1_78' title='bbox 397 1741 534 1827; x_wconf 81' lang='lat' dir='ltr'><strong>fideliter</strong></span> <span class='ocrx_word' id='word_1_79' title='bbox 560 1740 734 1808; x_wconf 80' lang='lat' dir='ltr'><strong>didicerint</strong></span> 
     </span>
    </p>

    <p class='ocr_par' dir='ltr' id='par_1_5' title="bbox 404 1850 1121 1933">
     <span class='ocr_line' id='line_1_12' title="bbox 404 1850 1121 1933; baseline -0.004 -15"><span class='ocrx_word' id='word_1_80' title='bbox 404 1871 409 1879; x_wconf 74' lang='grc'><strong>’</strong></span> <span class='ocrx_word' id='word_1_81' title='bbox 840 1858 900 1917; x_wconf 80' lang='grc' dir='ltr'><strong>τῶν</strong></span> <span class='ocrx_word' id='word_1_82' title='bbox 920 1850 1121 1933; x_wconf 72' lang='grc' dir='ltr'><strong>ἀδικημάτων</strong></span> 
     </span>
    </p>

    <p class='ocr_par' dir='ltr' id='par_1_6' title="bbox 475 1955 1097 2039">
     <span class='ocr_line' id='line_1_13' title="bbox 475 1955 1097 2039; baseline -0.005 -15"><span class='ocrx_word' id='word_1_83' title='bbox 475 1959 521 2036; x_wconf 72' lang='grc' dir='ltr'><strong>μδ</strong></span> <span class='ocrx_word' id='word_1_84' title='bbox 544 1957 724 2037; x_wconf 81' lang='grc' dir='ltr'><strong><em>λοοροβάνειν</em></strong></span> <span class='ocrx_word' id='word_1_85' title='bbox 748 1958 807 2031; x_wconf 76' lang='grc' dir='ltr'><strong><em>τοὶς</em></strong></span> <span class='ocrx_word' id='word_1_86' title='bbox 831 1955 925 2034; x_wconf 77' lang='grc' dir='ltr'><strong><em>άξίοος</em></strong></span> <span class='ocrx_word' id='word_1_87' title='bbox 948 1957 1097 2039; x_wconf 75' lang='grc' dir='ltr'><strong>τιμωρίας</strong></span> 
     </span>
    </p>

    <p class='ocr_par' dir='ltr' id='par_1_7' title="bbox 293 2062 1481 2568">
     <span class='ocr_line' id='line_1_14' title="bbox 476 2062 800 2138; baseline 0.006 -12"><span class='ocrx_word' id='word_1_88' title='bbox 476 2062 557 2128; x_wconf 79' lang='grc' dir='ltr'><strong><em>ἑλεῖν</em></strong></span> <span class='ocrx_word' id='word_1_89' title='bbox 581 2063 616 2128; x_wconf 83' lang='grc' dir='ltr'><strong>δὲ</strong></span> <span class='ocrx_word' id='word_1_90' title='bbox 638 2063 800 2138; x_wconf 82' lang='grc' dir='ltr'><strong><em>πάντως.</em></strong></span> 
     </span>
     <span class='ocr_line' id='line_1_15' title="bbox 293 2155 1481 2255; baseline -0.003 -23"><span class='ocrx_word' id='word_1_91' title='bbox 293 2168 374 2232; x_wconf 79' lang='grc' dir='ltr'><strong><em>ἑλεῖν</em></strong></span> <span class='ocrx_word' id='word_1_92' title='bbox 395 2163 474 2252; x_wconf 90' lang='lat' dir='ltr'><strong>quid</strong></span> <span class='ocrx_word' id='word_1_93' title='bbox 497 2166 540 2231; x_wconf 86' lang='lat' dir='ltr'><strong>sit</strong></span> <span class='ocrx_word' id='word_1_94' title='bbox 563 2186 657 2233; x_wconf 91' lang='lat' dir='ltr'><strong>nemo</strong></span> <span class='ocrx_word' id='word_1_95' title='bbox 679 2187 834 2255; x_wconf 89' lang='lat' dir='ltr'><strong>umquam</strong></span> <span class='ocrx_word' id='word_1_96' title='bbox 867 2166 982 2254; x_wconf 82' lang='lat' dir='ltr'><strong>capiet.</strong></span> <span class='ocrx_word' id='word_1_97' title='bbox 1011 2166 1108 2230; x_wconf 81' lang='grc' dir='ltr'><strong><em>ἐλεεῖν</em></strong></span> <span class='ocrx_word' id='word_1_98' title='bbox 1139 2155 1383 2230; x_wconf 89' lang='lat' dir='ltr'><strong>rescribendum</strong></span> <span class='ocrx_word' id='word_1_99' title='bbox 1411 2182 1481 2229; x_wconf 89' lang='lat' dir='ltr'><strong>esse</strong></span> 
     </span>
     <span class='ocr_line' id='line_1_16' title="bbox 295 2268 1480 2351; baseline -0.003 -16"><span class='ocrx_word' id='word_1_100' title='bbox 295 2268 388 2337; x_wconf 89' lang='lat' dir='ltr'><strong>iacile</strong></span> <span class='ocrx_word' id='word_1_101' title='bbox 411 2269 491 2335; x_wconf 91' lang='lat' dir='ltr'><strong>mihi</strong></span> <span class='ocrx_word' id='word_1_102' title='bbox 512 2269 662 2351; x_wconf 85' lang='lat' dir='ltr'><strong>dabitur,</strong></span> <span class='ocrx_word' id='word_1_103' title='bbox 687 2271 743 2338; x_wconf 94' lang='lat' dir='ltr'><strong>sed</strong></span> <span class='ocrx_word' id='word_1_104' title='bbox 773 2279 909 2339; x_wconf 92' lang='lat' dir='ltr'><strong>nonest</strong></span> <span class='ocrx_word' id='word_1_105' title='bbox 933 2270 1028 2337; x_wconf 84' lang='lat' dir='ltr'><strong>satis:</strong></span> <span class='ocrx_word' id='word_1_106' title='bbox 1054 2276 1090 2335; x_wconf 84' lang='lat' dir='ltr'><strong>ut</strong></span> <span class='ocrx_word' id='word_1_107' title='bbox 1113 2276 1201 2336; x_wconf 80' lang='lat' dir='ltr'><strong>recte</strong></span> <span class='ocrx_word' id='word_1_108' title='bbox 1229 2268 1357 2334; x_wconf 89' lang='lat' dir='ltr'><strong>dicatur</strong></span> <span class='ocrx_word' id='word_1_109' title='bbox 1382 2268 1480 2334; x_wconf 81' lang='grc' dir='ltr'><strong><em>ἐλεεῖν</em></strong></span> 
     </span>
     <span class='ocr_line' id='line_1_17' title="bbox 296 2372 1480 2461; baseline -0.005 -18"><span class='ocrx_word' id='word_1_110' title='bbox 296 2401 327 2443; x_wconf 85' lang='grc' dir='ltr'><strong>τι</strong></span> <span class='ocrx_word' id='word_1_111' title='bbox 352 2374 504 2440; x_wconf 92' lang='lat' dir='ltr'><strong>insimili</strong></span> <span class='ocrx_word' id='word_1_112' title='bbox 529 2396 564 2447; x_wconf 86' lang='lat' dir='ltr'><strong>re</strong></span> <span class='ocrx_word' id='word_1_113' title='bbox 588 2378 805 2445; x_wconf 85' lang='lat' dir='ltr'><strong>necessarium</strong></span> <span class='ocrx_word' id='word_1_114' title='bbox 827 2384 885 2445; x_wconf 89' lang='lat' dir='ltr'><strong>est.</strong></span> <span class='ocrx_word' id='word_1_115' title='bbox 909 2402 939 2443; x_wconf 91' lang='grc' dir='ltr'><strong>τι</strong></span> <span class='ocrx_word' id='word_1_116' title='bbox 963 2375 1060 2453; x_wconf 91' lang='lat' dir='ltr'><strong>latet,</strong></span> <span class='ocrx_word' id='word_1_117' title='bbox 1084 2381 1121 2439; x_wconf 88' lang='lat' dir='ltr'><strong>ut</strong></span> <span class='ocrx_word' id='word_1_118' title='bbox 1140 2374 1349 2461; x_wconf 83' lang='lat' dir='ltr'><strong>saepissime,</strong></span> <span class='ocrx_word' id='word_1_119' title='bbox 1376 2374 1411 2438; x_wconf 93' lang='lat' dir='ltr'><strong>iu</strong></span> <span class='ocrx_word' id='word_1_120' title='bbox 1429 2372 1480 2438; x_wconf 86' lang='lat' dir='ltr'><strong>lit·</strong></span> 
     </span>
     <span class='ocr_line' id='line_1_18' title="bbox 295 2480 1440 2568; baseline 0 -20"><span class='ocrx_word' id='word_1_121' title='bbox 295 2487 366 2548; x_wconf 91' lang='lat' dir='ltr'><strong>tera</strong></span> <span class='ocrx_word' id='word_1_122' title='bbox 388 2506 414 2548; x_wconf 92' lang='grc' dir='ltr'><strong><em>π</em></strong></span> <span class='ocrx_word' id='word_1_123' title='bbox 437 2488 469 2547; x_wconf 87' lang='lat' dir='ltr'><strong>et</strong></span> <span class='ocrx_word' id='word_1_124' title='bbox 491 2480 683 2568; x_wconf 83' lang='lat' dir='ltr'><strong>legendum:</strong></span> <span class='ocrx_word' id='word_1_125' title='bbox 1437 2486 1440 2490; x_wconf 83' lang='grc'><strong>’</strong></span> 
     </span>
    </p>

    <p class='ocr_par' dir='ltr' id='par_1_8' title="bbox 568 2587 935 2662">
     <span class='ocr_line' id='line_1_19' title="bbox 568 2587 935 2662; baseline -0.003 -9"><span class='ocrx_word' id='word_1_126' title='bbox 568 2590 666 2656; x_wconf 80' lang='grc' dir='ltr'><strong><em>ἐλεεῖν</em></strong></span> <span class='ocrx_word' id='word_1_127' title='bbox 690 2588 721 2656; x_wconf 79' lang='grc' dir='ltr'><strong>δὲ</strong></span> <span class='ocrx_word' id='word_1_128' title='bbox 745 2615 775 2656; x_wconf 91' lang='grc' dir='ltr'><strong>τι</strong></span> <span class='ocrx_word' id='word_1_129' title='bbox 798 2587 935 2662; x_wconf 83' lang='grc' dir='ltr'><strong><em>πάντως.</em></strong></span> 
     </span>
    </p>

    <p class='ocr_par' dir='ltr' id='par_1_9' title="bbox 296 2686 1482 3301">
     <span class='ocr_line' id='line_1_20' title="bbox 299 2686 1480 2779; baseline -0.003 -21"><span class='ocrx_word' id='word_1_130' title='bbox 299 2753 302 2758; x_wconf 77' lang='grc'>,</span> <span class='ocrx_word' id='word_1_131' title='bbox 342 2694 419 2779; x_wconf 84' lang='lat' dir='ltr'><strong>Pag.</strong></span> <span class='ocrx_word' id='word_1_132' title='bbox 441 2694 516 2761; x_wconf 77' lang='lat'><strong>755.</strong></span> <span class='ocrx_word' id='word_1_133' title='bbox 564 2694 738 2760; x_wconf 78' lang='lat' dir='ltr'><strong>Curaurnrs</strong></span> <span class='ocrx_word' id='word_1_134' title='bbox 761 2693 800 2761; x_wconf 92' lang='lat' dir='ltr'><strong>ad</strong></span> <span class='ocrx_word' id='word_1_135' title='bbox 825 2694 988 2771; x_wconf 90' lang='lat' dir='ltr'><strong>amicum,</strong></span> <span class='ocrx_word' id='word_1_136' title='bbox 1013 2692 1068 2778; x_wconf 91' lang='lat' dir='ltr'><strong>qui</strong></span> <span class='ocrx_word' id='word_1_137' title='bbox 1093 2710 1133 2755; x_wconf 85' lang='lat' dir='ltr'><strong>ex</strong></span> <span class='ocrx_word' id='word_1_138' title='bbox 1157 2688 1226 2756; x_wconf 87' lang='lat' dir='ltr'><strong>eins</strong></span> <span class='ocrx_word' id='word_1_139' title='bbox 1249 2686 1420 2776; x_wconf 88' lang='lat' dir='ltr'><strong>disciplina</strong></span> <span class='ocrx_word' id='word_1_140' title='bbox 1446 2689 1480 2755; x_wconf 93' lang='lat' dir='ltr'><strong>in</strong></span> 
     </span>
     <span class='ocr_line' id='line_1_21' title="bbox 297 2794 1481 2888; baseline -0.004 -24"><span class='ocrx_word' id='word_1_141' title='bbox 297 2799 435 2888; x_wconf 87' lang='lat' dir='ltr'><strong>patriam</strong></span> <span class='ocrx_word' id='word_1_142' title='bbox 467 2806 632 2866; x_wconf 83' lang='lat' dir='ltr'><strong>revertens</strong></span> <span class='ocrx_word' id='word_1_143' title='bbox 668 2799 861 2886; x_wconf 85' lang='lat' dir='ltr'><strong>quaerebat:</strong></span> <span class='ocrx_word' id='word_1_144' title='bbox 898 2805 961 2871; x_wconf 79' lang='grc' dir='ltr'><strong>πῶς</strong></span> <span class='ocrx_word' id='word_1_145' title='bbox 983 2795 1021 2862; x_wconf 66' lang='lat' dir='ltr'><strong>aa</strong></span> <span class='ocrx_word' id='word_1_146' title='bbox 1044 2796 1136 2875; x_wconf 73' lang='grc' dir='ltr'><strong><em>ἥκιςοο</em></strong></span> <span class='ocrx_word' id='word_1_147' title='bbox 1170 2794 1404 2877; x_wconf 80' lang='grc' dir='ltr'><strong><em>άμοορτάνοιροι;</em></strong></span> <span class='ocrx_word' id='word_1_148' title='bbox 1434 2813 1481 2860; x_wconf 89' lang='lat' dir='ltr'><strong>re·</strong></span> 
     </span>
     <span class='ocr_line' id='line_1_22' title="bbox 297 2901 1480 2991; baseline -0.004 -21"><span class='ocrx_word' id='word_1_149' title='bbox 297 2904 464 2991; x_wconf 84' lang='lat' dir='ltr'><strong>spondisse</strong></span> <span class='ocrx_word' id='word_1_150' title='bbox 487 2904 609 2971; x_wconf 81' lang='lat' dir='ltr'><strong>fertur:</strong></span> <span class='ocrx_word' id='word_1_151' title='bbox 632 2907 658 2970; x_wconf 76' lang='grc' dir='ltr'><strong>εἰ</strong></span> <span class='ocrx_word' id='word_1_152' title='bbox 682 2910 755 2986; x_wconf 81' lang='grc' dir='ltr'><strong><em>πάρ’</em></strong></span> <span class='ocrx_word' id='word_1_153' title='bbox 778 2902 880 2974; x_wconf 75' lang='grc' dir='ltr'><strong><em>ἕκοοςοο</em></strong></span> <span class='ocrx_word' id='word_1_154' title='bbox 900 2901 937 2968; x_wconf 79' lang='grc' dir='ltr'><strong>ὧν</strong></span> <span class='ocrx_word' id='word_1_155' title='bbox 958 2903 1105 2985; x_wconf 89' lang='grc' dir='ltr'><strong><em>πράττεις</em></strong></span> <span class='ocrx_word' id='word_1_156' title='bbox 1127 2902 1241 2976; x_wconf 73' lang='grc' dir='ltr'><strong><em>δοκοίης</em></strong></span> <span class='ocrx_word' id='word_1_157' title='bbox 1261 2926 1303 2979; x_wconf 80' lang='grc' dir='ltr'><strong>με</strong></span> <span class='ocrx_word' id='word_1_158' title='bbox 1326 2909 1480 2982; x_wconf 81' lang='grc' dir='ltr'><strong><em>ποορεῖνοοι.</em></strong></span> 
     </span>
     <span class='ocr_line' id='line_1_23' title="bbox 296 3005 1482 3093; baseline -0.004 -18"><span class='ocrx_word' id='word_1_159' title='bbox 296 3009 406 3093; x_wconf 90' lang='lat' dir='ltr'><strong>nescio</strong></span> <span class='ocrx_word' id='word_1_160' title='bbox 424 3030 484 3075; x_wconf 90' lang='lat' dir='ltr'><strong>cnr</strong></span> <span class='ocrx_word' id='word_1_161' title='bbox 502 3035 553 3090; x_wconf 84' lang='grc' dir='ltr'><strong>μοι</strong></span> <span class='ocrx_word' id='word_1_162' title='bbox 575 3029 661 3075; x_wconf 90' lang='lat' dir='ltr'><strong>unus</strong></span> <span class='ocrx_word' id='word_1_163' title='bbox 679 3017 711 3076; x_wconf 77' lang='lat' dir='ltr'><strong>ei</strong></span> <span class='ocrx_word' id='word_1_164' title='bbox 731 3008 812 3075; x_wconf 86' lang='lat' dir='ltr'><strong>aber</strong></span> <span class='ocrx_word' id='word_1_165' title='bbox 829 3007 991 3074; x_wconf 86' lang='lat' dir='ltr'><strong>maluerit.</strong></span> <span class='ocrx_word' id='word_1_166' title='bbox 1038 3007 1197 3073; x_wconf 84' lang='lat' dir='ltr'><strong>Revocata</strong></span> <span class='ocrx_word' id='word_1_167' title='bbox 1218 3006 1355 3092; x_wconf 83' lang='lat' dir='ltr'><strong>fugitiva</strong></span> <span class='ocrx_word' id='word_1_168' title='bbox 1374 3005 1482 3072; x_wconf 86' lang='lat' dir='ltr'><strong>littera</strong></span> 
     </span>
     <span class='ocr_line' id='line_1_24' title="bbox 297 3109 1480 3201; baseline -0.004 -20"><span class='ocrx_word' id='word_1_169' title='bbox 297 3134 337 3181; x_wconf 85' lang='lat' dir='ltr'><strong>ex</strong></span> <span class='ocrx_word' id='word_1_170' title='bbox 361 3114 383 3180; x_wconf 86' lang='lat' dir='ltr'><strong>G</strong></span> <span class='ocrx_word' id='word_1_171' title='bbox 403 3113 614 3200; x_wconf 85' lang='lat' dir='ltr'><strong>praecedente</strong></span> <span class='ocrx_word' id='word_1_172' title='bbox 642 3115 747 3181; x_wconf 88' lang='lat' dir='ltr'><strong>scribe</strong></span> <span class='ocrx_word' id='word_1_173' title='bbox 771 3113 856 3201; x_wconf 94' lang='lat' dir='ltr'><strong>quod</strong></span> <span class='ocrx_word' id='word_1_174' title='bbox 881 3111 1103 3198; x_wconf 89' lang='lat' dir='ltr'><strong>unusquisque</strong></span> <span class='ocrx_word' id='word_1_175' title='bbox 1125 3113 1160 3177; x_wconf 93' lang='lat' dir='ltr'><strong>in</strong></span> <span class='ocrx_word' id='word_1_176' title='bbox 1188 3111 1244 3177; x_wconf 85' lang='lat' dir='ltr'><strong>tali</strong></span> <span class='ocrx_word' id='word_1_177' title='bbox 1270 3131 1304 3177; x_wconf 93' lang='lat' dir='ltr'><strong>re</strong></span> <span class='ocrx_word' id='word_1_178' title='bbox 1326 3109 1480 3177; x_wconf 83' lang='lat' dir='ltr'><strong>dixisset:</strong></span> 
     </span>
     <span class='ocr_line' id='line_1_25' title="bbox 296 3218 679 3301; baseline 0 -16"><span class='ocrx_word' id='word_1_179' title='bbox 296 3218 412 3293; x_wconf 73' lang='grc' dir='ltr'><strong><em>δοκοίης</em></strong></span> <span class='ocrx_word' id='word_1_180' title='bbox 436 3219 502 3297; x_wconf 79' lang='grc' dir='ltr'><strong>ἐμὲ</strong></span> <span class='ocrx_word' id='word_1_181' title='bbox 526 3228 679 3301; x_wconf 84' lang='grc' dir='ltr'><strong><em>τοορεῖνοοι.</em></strong></span> 
     </span>
    </p>

    <p class='ocr_par' dir='ltr' id='par_1_10' title="bbox 291 3320 1482 4674">
     <span class='ocr_line' id='line_1_26' title="bbox 345 3320 1481 3392; baseline -0.003 -2"><span class='ocrx_word' id='word_1_182' title='bbox 345 3323 492 3390; x_wconf 85' lang='lat' dir='ltr'><strong>Servavit.</strong></span> <span class='ocrx_word' id='word_1_183' title='bbox 514 3325 605 3390; x_wconf 91' lang='lat' dir='ltr'><strong>nobis</strong></span> <span class='ocrx_word' id='word_1_184' title='bbox 626 3325 774 3392; x_wconf 69' lang='lat' dir='ltr'><strong>londanus</strong></span> <span class='ocrx_word' id='word_1_185' title='bbox 796 3326 994 3392; x_wconf 79' lang='lat' dir='ltr'><strong>Dnurscnnus</strong></span> <span class='ocrx_word' id='word_1_186' title='bbox 1013 3323 1214 3390; x_wconf 89' lang='lat' dir='ltr'><strong>luculentum</strong></span> <span class='ocrx_word' id='word_1_187' title='bbox 1231 3320 1338 3387; x_wconf 91' lang='lat' dir='ltr'><strong>locum</strong></span> <span class='ocrx_word' id='word_1_188' title='bbox 1360 3320 1481 3387; x_wconf 82' lang='lat' dir='ltr'><strong>Ancur-</strong></span> 
     </span>
     <span class='ocr_line' id='line_1_27' title="bbox 298 3427 1481 3518; baseline -0.003 -22"><span class='ocrx_word' id='word_1_189' title='bbox 298 3451 354 3496; x_wconf 77' lang='grc' dir='ltr'><strong>τοο</strong></span> <span class='ocrx_word' id='word_1_190' title='bbox 378 3429 552 3510; x_wconf 75' lang='lat' dir='ltr'><strong>Tarentini,</strong></span> <span class='ocrx_word' id='word_1_191' title='bbox 577 3430 690 3498; x_wconf 84' lang='lat' dir='ltr'><strong>liorico</strong></span> <span class='ocrx_word' id='word_1_192' title='bbox 711 3431 848 3498; x_wconf 87' lang='lat' dir='ltr'><strong>dialecto</strong></span> <span class='ocrx_word' id='word_1_193' title='bbox 867 3432 1025 3518; x_wconf 77' lang='lat' dir='ltr'><strong>scriptum</strong></span> <span class='ocrx_word' id='word_1_194' title='bbox 1042 3427 1098 3494; x_wconf 89' lang='lat' dir='ltr'><strong>sed</strong></span> <span class='ocrx_word' id='word_1_195' title='bbox 1118 3427 1338 3493; x_wconf 90' lang='lat' dir='ltr'><strong>miserrimum</strong></span> <span class='ocrx_word' id='word_1_196' title='bbox 1362 3427 1395 3492; x_wconf 93' lang='lat' dir='ltr'><strong>in</strong></span> <span class='ocrx_word' id='word_1_197' title='bbox 1416 3448 1481 3493; x_wconf 91' lang='lat' dir='ltr'><strong>mo·</strong></span> 
     </span>
     <span class='ocr_line' id='line_1_28' title="bbox 297 3532 1482 3623; baseline -0.003 -20"><span class='ocrx_word' id='word_1_198' title='bbox 297 3535 375 3623; x_wconf 89' lang='lat' dir='ltr'><strong>dum</strong></span> <span class='ocrx_word' id='word_1_199' title='bbox 399 3556 418 3603; x_wconf 88' lang='lat' dir='ltr'><strong>a</strong></span> <span class='ocrx_word' id='word_1_200' title='bbox 439 3536 581 3603; x_wconf 89' lang='lat' dir='ltr'><strong>librariis</strong></span> <span class='ocrx_word' id='word_1_201' title='bbox 603 3537 791 3603; x_wconf 84' lang='lat' dir='ltr'><strong>mulcatum.</strong></span> <span class='ocrx_word' id='word_1_202' title='bbox 827 3537 961 3623; x_wconf 79' lang='lat' dir='ltr'><strong>Legitur</strong></span> <span class='ocrx_word' id='word_1_203' title='bbox 983 3556 1016 3621; x_wconf 94' lang='lat' dir='ltr'><strong>p.</strong></span> <span class='ocrx_word' id='word_1_204' title='bbox 1033 3538 1116 3612; x_wconf 82' lang='lat'><strong>741,</strong></span> <span class='ocrx_word' id='word_1_205' title='bbox 1139 3532 1315 3618; x_wconf 86' lang='lat' dir='ltr'><strong>habuitque</strong></span> <span class='ocrx_word' id='word_1_206' title='bbox 1335 3532 1482 3601; x_wconf 60' lang='lat' dir='ltr'><strong>Garsrous</strong></span> 
     </span>
     <span class='ocr_line' id='line_1_29' title="bbox 296 3640 1480 3728; baseline -0.003 -22"><span class='ocrx_word' id='word_1_207' title='bbox 296 3661 352 3707; x_wconf 91' lang='lat' dir='ltr'><strong>nus</strong></span> <span class='ocrx_word' id='word_1_208' title='bbox 382 3641 515 3708; x_wconf 69' lang='lat' dir='ltr'><strong>Ebusum</strong></span> <span class='ocrx_word' id='word_1_209' title='bbox 550 3641 791 3728; x_wconf 77' lang='lat' dir='ltr'><strong>apographum,</strong></span> <span class='ocrx_word' id='word_1_210' title='bbox 823 3661 887 3727; x_wconf 93' lang='lat' dir='ltr'><strong>quo</strong></span> <span class='ocrx_word' id='word_1_211' title='bbox 918 3640 1084 3706; x_wconf 92' lang='lat' dir='ltr'><strong>meliorem</strong></span> <span class='ocrx_word' id='word_1_212' title='bbox 1106 3646 1270 3704; x_wconf 85' lang='lat' dir='ltr'><strong>auctorem</strong></span> <span class='ocrx_word' id='word_1_213' title='bbox 1295 3658 1332 3704; x_wconf 91' lang='lat' dir='ltr'><strong>ac</strong></span> <span class='ocrx_word' id='word_1_214' title='bbox 1365 3645 1480 3705; x_wconf 84' lang='lat' dir='ltr'><strong>testem</strong></span> 
     </span>
     <span class='ocr_line' id='line_1_30' title="bbox 296 3742 1481 3830; baseline -0.002 -21"><span class='ocrx_word' id='word_1_215' title='bbox 296 3764 390 3810; x_wconf 90' lang='lat' dir='ltr'><strong>nemo</strong></span> <span class='ocrx_word' id='word_1_216' title='bbox 422 3747 578 3830; x_wconf 81' lang='lat' dir='ltr'><strong>requirat.</strong></span> <span class='ocrx_word' id='word_1_217' title='bbox 624 3746 795 3809; x_wconf 80' lang='lat' dir='ltr'><strong>Euusnrrus</strong></span> <span class='ocrx_word' id='word_1_218' title='bbox 823 3751 932 3810; x_wconf 83' lang='lat' dir='ltr'><strong>autem</strong></span> <span class='ocrx_word' id='word_1_219' title='bbox 962 3743 1147 3810; x_wconf 89' lang='lat' dir='ltr'><strong>describere</strong></span> <span class='ocrx_word' id='word_1_220' title='bbox 1178 3743 1284 3811; x_wconf 92' lang='lat' dir='ltr'><strong>locum</strong></span> <span class='ocrx_word' id='word_1_221' title='bbox 1315 3743 1395 3808; x_wconf 88' lang='lat' dir='ltr'><strong>satis</strong></span> <span class='ocrx_word' id='word_1_222' title='bbox 1427 3742 1481 3808; x_wconf 88' lang='lat' dir='ltr'><strong>ba·</strong></span> 
     </span>
     <span class='ocr_line' id='line_1_31' title="bbox 294 3846 1482 3936; baseline 0 -22"><span class='ocrx_word' id='word_1_223' title='bbox 294 3847 384 3936; x_wconf 88' lang='lat' dir='ltr'><strong>buit,</strong></span> <span class='ocrx_word' id='word_1_224' title='bbox 408 3848 578 3923; x_wconf 87' lang='lat' dir='ltr'><strong>emendare</strong></span> <span class='ocrx_word' id='word_1_225' title='bbox 610 3848 802 3935; x_wconf 83' lang='lat' dir='ltr'><strong>supersedit.</strong></span> <span class='ocrx_word' id='word_1_226' title='bbox 850 3848 1017 3916; x_wconf 84' lang='lat' dir='ltr'><strong>Sustulere</strong></span> <span class='ocrx_word' id='word_1_227' title='bbox 1049 3848 1202 3916; x_wconf 89' lang='lat' dir='ltr'><strong>nonnulla</strong></span> <span class='ocrx_word' id='word_1_228' title='bbox 1225 3847 1304 3913; x_wconf 78' lang='lat' dir='ltr'><strong>vilia</strong></span> <span class='ocrx_word' id='word_1_229' title='bbox 1326 3846 1482 3915; x_wconf 85' lang='lat' dir='ltr'><strong>Wrrrnn-</strong></span> 
     </span>
     <span class='ocr_line' id='line_1_32' title="bbox 295 3952 1479 4042; baseline 0 -24"><span class='ocrx_word' id='word_1_230' title='bbox 295 3974 417 4019; x_wconf 72' lang='lat' dir='ltr'><strong>aeonius</strong></span> <span class='ocrx_word' id='word_1_231' title='bbox 430 3960 462 4019; x_wconf 87' lang='lat' dir='ltr'><strong>et</strong></span> <span class='ocrx_word' id='word_1_232' title='bbox 478 3953 675 4020; x_wconf 74' lang='lat' dir='ltr'><strong>Garsroanus</strong></span> <span class='ocrx_word' id='word_1_233' title='bbox 711 3953 872 4020; x_wconf 87' lang='lat' dir='ltr'><strong>Palmaria</strong></span> <span class='ocrx_word' id='word_1_234' title='bbox 893 3955 1115 4021; x_wconf 87' lang='lat' dir='ltr'><strong>emendatione</strong></span> <span class='ocrx_word' id='word_1_235' title='bbox 1135 3955 1261 4019; x_wconf 72' lang='lat' dir='ltr'><strong>Beonan</strong></span> <span class='ocrx_word' id='word_1_236' title='bbox 1286 3952 1333 4042; x_wconf 88' lang='lat' dir='ltr'><strong>(in</strong></span> <span class='ocrx_word' id='word_1_237' title='bbox 1345 3952 1479 4039; x_wconf 80' lang='lat' dir='ltr'><strong>praefat.</strong></span> 
     </span>
     <span class='ocr_line' id='line_1_33' title="bbox 295 4045 1480 4148; baseline 0.001 -26"><span class='ocrx_word' id='word_1_238' title='bbox 295 4057 335 4122; x_wconf 93' lang='lat' dir='ltr'><strong>ad</strong></span> <span class='ocrx_word' id='word_1_239' title='bbox 356 4059 462 4124; x_wconf 75' lang='lat' dir='ltr'><strong>Ennio.</strong></span> <span class='ocrx_word' id='word_1_240' title='bbox 497 4059 596 4126; x_wconf 86' lang='grc' dir='ltr'><strong><em>ΗοΙοιι</em></strong></span> <span class='ocrx_word' id='word_1_241' title='bbox 633 4080 663 4145; x_wconf 90' lang='lat' dir='ltr'><strong>p.</strong></span> <span class='ocrx_word' id='word_1_242' title='bbox 685 4057 718 4148; x_wconf 85' lang='lat'><strong>6)</strong></span> <span class='ocrx_word' id='word_1_243' title='bbox 754 4059 898 4126; x_wconf 75' lang='lat' dir='ltr'><strong>restituit</strong></span> <span class='ocrx_word' id='word_1_244' title='bbox 922 4060 1008 4127; x_wconf 92' lang='lat' dir='ltr'><strong>bunc</strong></span> <span class='ocrx_word' id='word_1_245' title='bbox 1032 4061 1159 4127; x_wconf 87' lang='lat' dir='ltr'><strong>locum:</strong></span> <span class='ocrx_word' id='word_1_246' title='bbox 1183 4058 1236 4125; x_wconf 77' lang='grc' dir='ltr'><strong>τοὶ</strong></span> <span class='ocrx_word' id='word_1_247' title='bbox 1262 4058 1326 4141; x_wconf 72' lang='grc' dir='ltr'><strong>γάρ</strong></span> <span class='ocrx_word' id='word_1_248' title='bbox 1350 4045 1480 4142; x_wconf 65' lang='lat' dir='ltr'><strong>aimoini</strong></span> 
     </span>
     <span class='ocr_line' id='line_1_34' title="bbox 294 4150 1480 4249; baseline 0.001 -21"><span class='ocrx_word' id='word_1_249' title='bbox 294 4164 347 4228; x_wconf 79' lang='grc' dir='ltr'><strong><em>κοοδ</em></strong></span> <span class='ocrx_word' id='word_1_250' title='bbox 369 4164 422 4231; x_wconf 76' lang='lat' dir='ltr'><strong>sai</strong></span> <span class='ocrx_word' id='word_1_251' title='bbox 443 4165 540 4230; x_wconf 76' lang='grc' dir='ltr'><strong><em>κοολοοὶ</em></strong></span> <span class='ocrx_word' id='word_1_252' title='bbox 569 4150 681 4248; x_wconf 72' lang='grc' dir='ltr'><strong><em>τροφοὶ</em></strong></span> <span class='ocrx_word' id='word_1_253' title='bbox 706 4163 861 4240; x_wconf 77' lang='grc' dir='ltr'><strong><em>πολλάκις</em></strong></span> <span class='ocrx_word' id='word_1_254' title='bbox 892 4165 1038 4249; x_wconf 78' lang='grc' dir='ltr'><strong><em>Φθάνοντι</em></strong></span> <span class='ocrx_word' id='word_1_255' title='bbox 1062 4167 1122 4241; x_wconf 82' lang='grc' dir='ltr'><strong>τάς</strong></span> <span class='ocrx_word' id='word_1_256' title='bbox 1153 4163 1357 4238; x_wconf 81' lang='grc' dir='ltr'><strong><em>διδοοιοοολίοις</em></strong></span> <span class='ocrx_word' id='word_1_257' title='bbox 1381 4166 1412 4238; x_wconf 84' lang='grc' dir='ltr'><strong>ἒς</strong></span> <span class='ocrx_word' id='word_1_258' title='bbox 1435 4166 1480 4246; x_wconf 79' lang='grc' dir='ltr'><strong>ὀρ·</strong></span> 
     </span>
     <span class='ocr_line' id='line_1_35' title="bbox 294 4257 1480 4351; baseline 0.003 -18"><span class='ocrx_word' id='word_1_259' title='bbox 294 4267 412 4339; x_wconf 68' lang='lat' dir='ltr'><strong>odacro</strong></span> <span class='ocrx_word' id='word_1_260' title='bbox 432 4267 582 4349; x_wconf 72' lang='grc' dir='ltr'><strong><em>άνοιοοοι,</em></strong></span> <span class='ocrx_word' id='word_1_261' title='bbox 603 4269 761 4336; x_wconf 72' lang='grc' dir='ltr'><strong><em>ἀποδέοντι</em></strong></span> <span class='ocrx_word' id='word_1_262' title='bbox 784 4271 815 4338; x_wconf 79' lang='grc' dir='ltr'><strong>δὲ</strong></span> <span class='ocrx_word' id='word_1_263' title='bbox 836 4271 926 4350; x_wconf 77' lang='grc' dir='ltr'><strong><em>μόνον</em></strong></span> <span class='ocrx_word' id='word_1_264' title='bbox 946 4257 1031 4351; x_wconf 75' lang='grc' dir='ltr'><strong><em>λόγον</em></strong></span> <span class='ocrx_word' id='word_1_265' title='bbox 1052 4271 1226 4351; x_wconf 71' lang='grc' dir='ltr'><strong><em>ἁγεμόνος,</em></strong></span> <span class='ocrx_word' id='word_1_266' title='bbox 1250 4270 1302 4335; x_wconf 80' lang='grc' dir='ltr'><strong>τὸν</strong></span> <span class='ocrx_word' id='word_1_267' title='bbox 1326 4270 1365 4334; x_wconf 82' lang='grc' dir='ltr'><strong>ἐν</strong></span> <span class='ocrx_word' id='word_1_268' title='bbox 1388 4270 1480 4346; x_wconf 70' lang='grc' dir='ltr'><strong>τήθη</strong></span> 
     </span>
     <span class='ocr_line' id='line_1_36' title="bbox 291 4373 1480 4462; baseline 0.001 -23"><span class='ocrx_word' id='word_1_269' title='bbox 291 4382 338 4451; x_wconf 76' lang='grc' dir='ltr'><strong>τῆ</strong></span> <span class='ocrx_word' id='word_1_270' title='bbox 361 4373 517 4455; x_wconf 77' lang='grc' dir='ltr'><strong><em>ἐπιτάμοι.</em></strong></span> <span class='ocrx_word' id='word_1_271' title='bbox 564 4375 798 4442; x_wconf 76' lang='lat' dir='ltr'><strong>Vsncnunnnmo</strong></span> <span class='ocrx_word' id='word_1_272' title='bbox 822 4377 957 4462; x_wconf 84' lang='lat' dir='ltr'><strong>dignum</strong></span> <span class='ocrx_word' id='word_1_273' title='bbox 981 4386 1031 4444; x_wconf 83' lang='lat' dir='ltr'><strong>est</strong></span> <span class='ocrx_word' id='word_1_274' title='bbox 1054 4385 1086 4443; x_wconf 84' lang='lat' dir='ltr'><strong>et</strong></span> <span class='ocrx_word' id='word_1_275' title='bbox 1114 4378 1251 4442; x_wconf 85' lang='lat' dir='ltr'><strong>Poasono</strong></span> <span class='ocrx_word' id='word_1_276' title='bbox 1275 4374 1359 4459; x_wconf 93' lang='lat' dir='ltr'><strong>quod</strong></span> <span class='ocrx_word' id='word_1_277' title='bbox 1390 4394 1480 4461; x_wconf 91' lang='lat' dir='ltr'><strong>repe·</strong></span> 
     </span>
     <span class='ocr_line' id='line_1_37' title="bbox 292 4478 1481 4570; baseline 0 -26"><span class='ocrx_word' id='word_1_278' title='bbox 292 4479 353 4562; x_wconf 83' lang='lat' dir='ltr'><strong>rit;</strong></span> <span class='ocrx_word' id='word_1_279' title='bbox 376 4480 429 4546; x_wconf 84' lang='grc' dir='ltr'><strong>τδν</strong></span> <span class='ocrx_word' id='word_1_280' title='bbox 448 4480 617 4556; x_wconf 72' lang='lat' dir='ltr'><strong>inclinat</strong></span> <span class='ocrx_word' id='word_1_281' title='bbox 642 4482 797 4564; x_wconf 81' lang='grc' dir='ltr'><strong><em>ε’πιςάροο.</em></strong></span> <span class='ocrx_word' id='word_1_282' title='bbox 846 4483 916 4549; x_wconf 82' lang='lat' dir='ltr'><strong>Alia</strong></span> <span class='ocrx_word' id='word_1_283' title='bbox 934 4503 1035 4570; x_wconf 90' lang='lat' dir='ltr'><strong>pauca</strong></span> <span class='ocrx_word' id='word_1_284' title='bbox 1053 4484 1122 4570; x_wconf 91' lang='lat' dir='ltr'><strong>ipse</strong></span> <span class='ocrx_word' id='word_1_285' title='bbox 1143 4481 1319 4566; x_wconf 82' lang='lat' dir='ltr'><strong>corrigam;</strong></span> <span class='ocrx_word' id='word_1_286' title='bbox 1342 4479 1426 4566; x_wconf 93' lang='lat' dir='ltr'><strong>quod</strong></span> <span class='ocrx_word' id='word_1_287' title='bbox 1447 4478 1481 4544; x_wconf 93' lang='lat' dir='ltr'><strong>in</strong></span> 
     </span>
     <span class='ocr_line' id='line_1_38' title="bbox 291 4584 1478 4674; baseline 0 -23"><span class='ocrx_word' id='word_1_288' title='bbox 291 4584 400 4652; x_wconf 81' lang='lat' dir='ltr'><strong>codice</strong></span> <span class='ocrx_word' id='word_1_289' title='bbox 424 4592 473 4653; x_wconf 81' lang='lat' dir='ltr'><strong>est</strong></span> <span class='ocrx_word' id='word_1_290' title='bbox 496 4587 743 4669; x_wconf 72' lang='grc' dir='ltr'><strong><em>κοάοριολονά</em></strong></span> <span class='ocrx_word' id='word_1_291' title='bbox 767 4614 803 4654; x_wconf 93' lang='grc' dir='ltr'><strong>τε</strong></span> <span class='ocrx_word' id='word_1_292' title='bbox 826 4589 870 4656; x_wconf 83' lang='grc' dir='ltr'><strong>τά</strong></span> <span class='ocrx_word' id='word_1_293' title='bbox 893 4589 1009 4674; x_wconf 78' lang='grc' dir='ltr'><strong><em>φύσει</em></strong></span> <span class='ocrx_word' id='word_1_294' title='bbox 1034 4588 1103 4654; x_wconf 79' lang='grc' dir='ltr'><strong><em>ἔθεον</em></strong></span> <span class='ocrx_word' id='word_1_295' title='bbox 1127 4585 1256 4661; x_wconf 82' lang='lat' dir='ltr'><strong>editur,</strong></span> <span class='ocrx_word' id='word_1_296' title='bbox 1282 4607 1313 4672; x_wconf 90' lang='lat' dir='ltr'><strong>p.</strong></span> <span class='ocrx_word' id='word_1_297' title='bbox 1330 4591 1416 4666; x_wconf 88' lang='lat'><strong>741,</strong></span> <span class='ocrx_word' id='word_1_298' title='bbox 1442 4589 1478 4663; x_wconf 87' lang='lat'><strong>9,</strong></span> 
     </span>
    </p>
   </div>
   <div class='ocr_carea' id='block_1_3' title="bbox 0 0 1660 5750">
    <p class='ocr_par' dir='ltr' id='par_1_11' title="bbox 0 0 1660 5750">
     <span class='ocr_line' id='line_1_39' title="bbox 0 0 1660 5750; baseline 0 0"><span class='ocrx_word' id='word_1_299' title='bbox 0 0 1660 5750; x_wconf 95' lang='lat' dir='ltr'><strong> </strong></span> 
     </span>
    </p>
   </div>
  </div>
 </body>
</html>
