3309 5750
1281 717 1346 776 mx

173 891 356 980 scribendo
388 906 528 976 secutus
554 918 634 974 sum
658 901 820 973 naturam
844 915 976 983 meam,
1001 904 1042 969 ut
1063 896 1159 994 quod
1181 900 1345 974 sentirem

133 1088 136 1095 -
172 1037 292 1131 aperte
315 1037 351 1106 et
370 1029 475 1106 libere
497 1028 657 1104 dicerem.
708 1025 792 1099 Non
815 1024 933 1100 minus
956 1023 1123 1100 abhorreo
1143 1021 1164 1099 a
1183 1025 1286 1102 foeda
1308 1034 1345 1102 et

166 1160 302 1238 obiecta
329 1157 528 1235 adulatione
559 1180 665 1253 quam
699 1179 721 1228 a
754 1151 928 1251 petulanti
957 1158 995 1226 et
1015 1159 1173 1249 proterva
1195 1134 1346 1228 maledi·¹

140 1287 294 1366 centia.
345 1286 427 1361 Nou
461 1284 577 1359 nescio
611 1282 698 1380 quid
730 1281 810 1355 viris
848 1280 985 1379 magnis
1021 1279 1161 1353 honoris
1187 1288 1223 1353 et
1249 1305 1344 1361 rese·

168 1414 301 1493 tentiae
337 1413 524 1498 debeatur,
549 1411 652 1485 otium
680 1410 710 1486 si
732 1435 801 1507 qua
824 1409 863 1482 in
883 1432 921 1484 re
942 1408 1129 1507 impegisse
1154 1408 1343 1484 videantur.
1439 1496 1443 1504 Ι

171 1543 318 1621 Nullius,
338 1540 434 1617 laudi
452 1547 488 1613 et
509 1539 621 1615 famae
642 1536 781 1614 invidus
803 1536 978 1624 obtreoto,
999 1537 1123 1635 εὐρεῖα
1141 1537 1216 1636 γάρ
1236 1539 1345 1613 Μου-

170 1679 253 1752 σῶν
280 1671 481 1759 κέλευθος,
511 1673 547 1760 θλ
570 1672 727 1764 superest
752 1664 788 1740 in
812 1688 884 1762 quo
903 1671 1021 1755 nostra
1045 1663 1203 1738 omnium
1225 1663 1346 1737 indus·

170 1801 238 1888 trin
260 1806 296 1891 et
317 1796 497 1897 ingenium
522 1799 722 1892 appareant..
760 1794 825 1868 Est
851 1815 944 1867 unus
962 1798 1004 1870 et
1026 1792 1113 1871 alter
1133 1816 1241 1890 quem
1264 1816 1345 1867 con·
1439 1792 1445 1805 '

169 1912 347 2021 tammam,
364 1924 512 2004 ⁴deleuit:
545 1922 590 2005 sc*
613 1926 714 2000 τοῦτ’
753 1918 808 2023 λς’
832 1917 1008 2015 ἀδίκημ’,
1032 1918 1176 2010 ἀδικῶ,
1201 1921 1263 2023 sed
1283 1920 1347 1997 hos

166 2050 687 2159 ipsosffnumqusmdacessam
721 2054 783 2124 aut
810 2046 993 2134 vellicsbor
1018 2054 1060 2129 ut
1086 2048 1346 2145 plurimumue

167 2178 507 2276 nominauisquidem
519 2173 813 2273 ‚idomposthse
834 2173 940 2255 etium
960 2174 1162 2273 diligentius
1180 2176 1345 2283 iactatus

169 2307 343 2386 Pervelim
377 2330 496 2382 omnes
532 2281 659 2384 meam,
680 2301 820 2384 dicendi
853 2301 1051 2378 libertatem
1080 2303 1204 2380 codem
1230 2304 1348 2381 auimo

172 2433 306 2522 ¹ierant,
330 2444 401 2528 quo
421 2430 497 2527 ipse
518 2430 664 2508 alienam
687 2454 822 2528 semper
847 2429 913 2504 tuli
935 2454 976 2505 ae
995 2430 1113 2507 leram.
1144 2430 1262 2507 Etiam
1285 2432 1347 2530 qui

171 2560 261 2636 mihi
290 2557 456 2634 necunde
487 2562 523 2630 et
551 2556 667 2631 odiose
695 2564 901 2656 responsant
930 2581 1002 2632 non
1030 2558 1117 2632 irum
1149 2559 1236 2632 mihi
1269 2584 1346 2634 um·

172 2700 302 2787 quam,
327 2712 398 2762 non
421 2685 543 2762 odium
575 2694 778 2773 moverunt,
804 2685 867 2760 sed
900 2684 1011 2759 risum
1035 2684 1105 2758 iere
1131 2692 1193 2760 aut
1220 2686 1345 2763 iocum.

171 2815 264 2894 Fieri
282 2840 353 2892 uon
368 2820 485 2914 potest
506 2812 593 2912 quin
616 2836 750 2912 sempor
771 2813 807 2888 in
826 2813 1011 2909 ,nonnullis
1030 2812 1294 2905 dissentiamus,
1311 2823 1349 2890 et
1416 2911 1422 2927 .

172 2946 240 3021 ulia
263 2944 339 3020 aliis
363 2944 521 3044 placeant
545 2969 585 3018 ae
608 2942 818 3041 probentur:

628 3069 898 3170 λοιδορεῖσθαι
922 3070 957 3149 δ’
980 3075 1028 3148 ori
1051 3077 1178 3170 πρέπει

342 3198 492 3300 ἄνδρας
517 3199 745 3300 φιλολόγους
767 3203 889 3300 ὥσπερ
913 3198 1199 3300 ἀρτοπώλιδας,

173 3335 209 3402 et
235 3351 337 3416 eum,
362 3329 488 3414 credo,
512 3327 873 3425 minimepoenitebit
897 3326 959 3424 qui
987 3327 1117 3402 bellum
1142 3329 1286 3427 gesserit
1307 3338 1349 3405 ut

174 3455 361 3555 aliquando
403 3479 522 3552 pacem
567 3453 821 3550 compositurus
861 3461 897 3527 et
930 3461 971 3526 ut
1011 3462 1190 3530 amaturus
1224 3459 1346 3533 oderit.

173 3585 347 3682 Equidem
374 3583 609 3657 aMsmnmo
635 3587 670 3653 et
694 3580 876 3652 Bsxrrsso
900 3580 950 3654 its
972 3607 1073 3680 saepe
1097 3582 1280 3672 dissentio,
1307 3596 1350 3660 ut

173 3737 308 3811 semper
326 3709 543 3785 meminerim
565 3733 672 3806 quam
695 3707 785 3781 bene
807 3714 952 3806 uterque
975 3709 1019 3782 de
1042 3710 1183 3784 Graecis
1205 3711 1350 3788 Litteris

175 3840 220 3915 sit
256 3839 423 3925 meritus,
459 3845 494 3910 et
526 3862 588 3911 cur
623 3837 842 3912 dissentirem
865 3838 908 3912 iis
930 3838 1144 3937 argumentis
1166 3842 1350 3941 verbisque

177 3965 368 4065 significavi
392 3964 551 4064 voluique
578 3990 713 4063 semper
744 3964 958 4064 significare,
990 3973 1030 4040 ut
1056 3967 1143 4040 nihil
1163 3969 1207 4041 de
1228 3995 1348 4046 eorum

177 4094 281 4169 laude
317 4094 511 4168 detractum
547 4093 724 4166 voluerim.
776 4094 909 4167 Eodem
939 4094 1054 4169 animo
1084 4096 1114 4168 si
1147 4096 1233 4193 quid
1261 4099 1348 4172 mihi

177 4221 296 4295 minus
313 4221 531 4321 probandum
547 4221 660 4294 visum
678 4230 732 4294 est
750 4229 786 4295 et
803 4221 986 4311 videbitur,
1002 4223 1147 4296 candide
1162 4235 1351 4325 aperteque

176 4349 380 4448 reprehendi
398 4358 433 4423 et
452 4351 711 4448 reprehendam.
739 4349 876 4423 Nollem
895 4351 1109 4425 Mamurius
1129 4361 1201 4425 tam
1217 4355 1347 4428 tumui

177 4477 290 4552 tuaria
320 4502 423 4576 opera
454 4479 634 4576 scriptores
672 4481 822 4552 Graecos
860 4478 976 4552 ederet
1010 4487 1046 4554 et
1077 4481 1205 4554 multas
1233 4481 1351 4579 potius

177 4606 366 4679 mediocres
401 4614 436 4679 et
463 4606 587 4681 dubias
611 4607 836 4681 correctiones
859 4607 1070 4695 effunderet,
1095 4633 1199 4706 quam
1220 4633 1350 4706 paucas

178 4732 287 4808 bonas
310 4739 346 4806 et
368 4734 551 4831 palmarias
575 4735 750 4809 delibaret.
802 4733 947 4808 Mallem
967 4737 1168 4810 Bsnsssus
1194 4743 1348 4808 veterum

178 4860 346 4937 librorum
389 4863 496 4937 bonas
532 4862 717 4961 scripturas
753 4863 935 4961 diligenter
974 4862 1130 4960 colligere
1164 4869 1199 4936 et
1229 4862 1351 4935 ordine
