3309 5750
628 649 911 734 ‚ror

224 819 306 902 Quis
325 816 437 887 credat
457 816 628 906 probatum
652 817 845 905 scriptorem
871 819 1014 906 potuisse
1046 801 1295 905 scriberequod
1324 817 1366 886 le·

176 924 268 1012 gitur
285 930 326 1003 8,
344 930 384 991 17
396 975 406 1004 ,
429 931 458 991 1.
480 923 580 999 συνεὶς
600 925 632 989 ε’ν
654 922 789 1006 ἀφύκτῳ
812 924 963 1005 ἐχόμενον
986 924 1095 991 ἑοιυτόν
1110 923 1256 991 ἱκέτευεν.
1303 923 1366 990 Pu·

172 1029 357 1098 tabimusne
390 1030 543 1097 nesciisse
573 1029 729 1096 bneuunu
765 1028 881 1095 θεοεοο
908 1028 973 1096 dici
1004 1035 1168 1116 oportere:
1202 1027 1303 1102 συνεὶς
1334 1029 1376 1094 ἐν.

172 1135 308 1219 οῖφόκτςο
339 1135 510 1217 ἐχόμενος,
538 1141 572 1201 at
603 1153 667 1201 non
701 1132 866 1200 nesciebat
896 1153 998 1220 quum
1022 1132 1179 1200 scriberet
1202 1138 1244 1211 o,
1275 1135 1307 1197 8.
1331 1134 1365 1198 οὐ

173 1240 267 1306 συνόει
301 1238 406 1323 κόραξι
430 1240 484 1307 nal
513 1240 618 1314 λύκοις
640 1238 844 1321 χαριζόμενος
872 1246 928 1304 aut
955 1245 1018 1315 10,
1052 1244 1114 1317 14,
1137 1242 1170 1304 6.
1203 1238 1236 1303 οὗ
1263 1237 1366 1318 γνόσμ

172 1346 304 1411 σεοουτόν
322 1345 375 1411 sel
394 1346 533 1423 συνήσεις
554 1344 609 1422 ἤδη
629 1345 729 1427 νεκρός
753 1345 813 1419 όν,
834 1342 888 1408 ubi
909 1342 983 1409 libri
1007 1343 1123 1430 scripti
1141 1361 1254 1409 omnes
1271 1350 1363 1424 συνῇς

170 1446 382 1534 praeierunt,
407 1447 493 1515 nudo
515 1446 632 1534 reliqui
656 1446 795 1516 formam
823 1447 993 1515 barbaram
1014 1450 1128 1532 συνήσῃ
1151 1454 1361 1534 receperunt,

171 1554 336 1621 Burunuus
353 1555 492 1632 συνήσεις
516 1550 614 1620 dedit.
661 1552 829 1642 Expuncto
851 1553 907 1619 κοοό
927 1552 1098 1639 legendum
1119 1552 1219 1627 συνεὶς
1242 1551 1297 1629 ἤδη
1318 1573 1363 1622 νεε

171 1658 302 1740 κρόςόν.

215 1762 312 1830 Gravi
335 1782 444 1831 errore
465 1784 484 1830 a
507 1762 624 1830 scribis
651 1763 778 1830 inrecto
800 1763 922 1852 legitur
944 1768 1009 1845 68,
1028 1769 1081 1835 44.
1102 1762 1164 1848 ἔφη
1188 1757 1240 1829 οὖν
1262 1784 1363 1828 κοντος·

139 1919 142 1923 ι
171 1868 288 1948 λαβεῖν
313 1869 409 1936 αὐτόν
432 1868 543 1951 χοιμοοὶ
564 1868 743 1950 κυλιόμενον
759 1870 813 1937 eal
833 1909 880 1921 —
896 1871 1019 1953 ψυχρόν
1037 1872 1205 1948 οοότοῦντοο,
1228 1866 1363 1933 ἓοουτόν

171 1973 204 2041 δὲ
226 1975 272 2055 μὴ
296 1974 421 2052 totvm,
456 1993 514 2060 pro
542 1971 558 2039 ἓ
586 1974 618 2040 δὲ
650 1976 695 2055 μὴ
726 1975 847 2053 bobum,
880 1982 916 2041 ut
946 1975 980 2041 in
1013 1976 1164 2047 Petronis
1198 1971 1363 2059 Symposio

171 2098 202 2165 p.
229 2083 305 2145 rto.
336 2098 364 2146 c.
388 2077 405 2145 ἓ
427 2079 459 2146 δὲ
481 2081 536 2145 οὐκ
559 2081 637 2155 ἑοῖο,
672 2077 725 2145 ubi
752 2080 808 2146 alii
831 2079 906 2146 libri
929 2098 969 2146 ex
993 2079 1165 2147 manifesta
1189 2076 1361 2163 interpola·

172 2183 260 2250 tione
283 2184 380 2252 νότον
407 2184 440 2251 δὲ
470 2184 525 2249 οὐκ
554 2184 631 2263 ἑοῖο,
662 2184 695 2248 in
716 2183 841 2250 bncrrru
871 2184 942 2251 loco
962 2184 1080 2272 duplex
1112 2185 1275 2271 scriptura
1295 2180 1311 2247 ἓ
1330 2188 1364 2248 et

169 2288 264 2357 αὐτόν
287 2288 320 2355 in
349 2308 449 2355 unam
475 2287 606 2356 coaluit.
653 2287 689 2354 ln
710 2287 903 2355 Hermotimo
923 2294 982 2368 20,
1005 2295 1048 2357 56
1070 2296 1168 2375 φοιῖεν
1190 2287 1254 2370 γὰρ
1277 2284 1317 2353 ἂν
1335 2285 1363 2352 οἱ

169 2392 370 2476 Ἐπικούρειοι
394 2393 412 2470 ἢ
441 2392 634 2459 Πλατωνικοὶ
658 2398 747 2477 σφοῖς
770 2394 828 2473 μὲν
862 2394 971 2460 οὑτωσὶ
1000 2395 1114 2461 τιόένοιι
1140 2394 1199 2483 (sio
1222 2393 1358 2459 Brutine.

172 2518 232 2587 pro
257 2494 333 2565 οὕτω
365 2495 568 2586 reverebar),
600 2498 683 2577 ὑμοῖς
705 2498 737 2564 δὲ
760 2498 854 2565 τόντε
878 2500 896 2582 ἢ
920 2499 1005 2566 ἐστόν
1028 2500 1134 2580 λέγειν
1153 2496 1239 2564 αὐτοὶ
1251 2546 1260 2575 ,
1296 2514 1358 2560 non

172 2600 309 2671 debebat
321 2602 483 2669 Brnrrnus
495 2600 665 2683 dubitare,
681 2605 759 2689 quin
775 2609 869 2687 σφεις
893 2623 951 2691 pro
970 2608 1058 2688 σφοῖς
1080 2611 1166 2672 esset
1184 2599 1360 2669 rescriben-

167 2706 259 2776 dum.
307 2705 425 2774 Forma
451 2706 650 2793 pronominis
677 2714 794 2793 σφεῖς,
824 2728 908 2794 qnae
934 2708 1011 2776 olim
1043 2710 1077 2776 in
1103 2700 1349 2777 desuetudinem

170 2811 318 2893 abierat,
349 2810 466 2880 scribis
501 2820 534 2880 et
565 2811 740 2882 lectoribus
770 2834 853 2882 nova
883 2822 916 2883 et
938 2814 1085 2884 inaudita
1119 2835 1182 2882 non
1218 2812 1311 2880 tacite
1342 2831 1361 2878 e

166 2924 387 2987 correctorum
415 2918 565 2986 manibus
586 2918 673 2986 salva
702 2917 862 3001 elabitur,
886 2930 924 2989 ut
940 2923 974 2986 in
998 2921 1210 2989 Xrnornonns
1230 2919 1355 2986 Hellen.

165 3022 221 3090 Vl.
244 3029 286 3102 b,
319 3027 373 3089 ot.
413 3023 453 3111 [oi
475 3023 713 3106 Λοοκεδοιιμόνιοι
749 3024 875 3116 ἔλεγον]
906 3024 953 3093 ότι
983 3027 1130 3107 Θηβοοόιον
1160 3026 1357 3107 βουλομένων

163 3125 343 3202 ἄνοοςοότους
371 3136 497 3205 τοιοῖσοιι
527 3130 587 3206 τοὶς
619 3131 752 3209 ’Abripere
775 3132 850 3216 σφό
856 3156 915 3198 σιν
946 3132 1085 3212 όμτοδόον
1106 3134 1263 3212 γένοιντο,
1296 3132 1355 3197 llo·

164 3252 278 3298 murus
294 3232 415 3317 optime
442 3239 535 3317 σφεῖς
555 3236 666 3322 reponi
688 3235 805 3312 iussit,
828 3236 913 3322 qnod
934 3236 1049 3305 vellem
1063 3239 1354 3305 ltrrnoerrusreoe·

164 3337 276 3425 pisset.
323 3335 513 3406 Plenissime
543 3338 623 3406 baec
649 3338 853 3407 confirmabit
879 3341 1017 3408 eximius
1036 3341 1125 3408 locus
1146 3343 1358 3408 bruosrnrrus

165 3441 206 3508 de
218 3440 302 3509 M.
315 3462 346 3530 p.
372 3447 461 3523 384,
485 3447 539 3510 24.
560 3440 634 3519 όλην
655 3469 690 3510 τε
714 3446 770 3520 τὴν
790 3444 882 3513 πόλιν
899 3442 976 3511 οὕτω
996 3444 1048 3511 nal
1068 3452 1157 3530 σφοῖς
1176 3447 1356 3526 ὡμολόγουν

163 3544 313 3630 deripier
334 3550 436 3632 αὐτῷ,
459 3546 515 3615 ubi
540 3548 568 3614 si
592 3547 734 3615 dicerem
753 3554 848 3632 σφεῖς
871 3569 911 3616 ex
929 3548 1122 3617 Graecitatis
1139 3552 1268 3636 iugenio
1286 3570 1356 3617 esse

161 3650 406 3739 reponendum,
427 3653 568 3721 multum
587 3652 692 3732 abest,
716 3652 829 3732 credo,
852 3661 889 3720 ut
912 3652 973 3720 boc
992 3653 1160 3741 probarem
1184 3655 1354 3738 omnibus,
1453 3659 1458 3668 '

161 3755 322 3825 librorum
355 3759 536 3846 scripturas
560 3756 666 3827 etiam
683 3758 787 3828 multo
809 3758 1015 3829 absurdiores
1037 3761 1248 3847 pertinaciter
1266 3767 1354 3832 tueri

161 3860 277 3933 solitis.
325 3861 419 3931 Nune
452 3883 547 3931 nemo
574 3863 756 3944 dubitabit,
785 3866 937 3952 qnoniam
969 3886 1055 3933 nnus
1083 3865 1179 3948 liber,
1212 3868 1267 3936 sed
1296 3873 1352 3957 qui

162 3965 315 4034 omnibus
344 3988 431 4036 unus
449 3970 626 4056 plurimum
650 3977 812 4056 praestat,
837 3971 1004 4038 Parisinus
1027 3971 1074 4049 S,
1097 3993 1229 4041 manum
1249 3987 1352 4046 orato

164 4073 213 4139 ris
235 4077 330 4157 σφεῖς
354 4075 503 4141 servarit.
550 4076 663 4163 ltaque
686 4095 775 4143 nuno
802 4076 883 4143 mibi
909 4076 998 4144 credi
1020 4079 1140 4166 poterit
1159 4081 1191 4146 in
1214 4081 1354 4153 Anchari

162 4176 220 4247 Vl.
245 4180 288 4257 2,
322 4182 373 4245 10.
397 4179 424 4245 ol
456 4179 488 4246 ll
517 4177 605 4259 λόγοι
636 4179 714 4259 ἦσοιν
745 4183 852 4257 οοότοῖς
875 4220 921 4232 -
947 4183 1018 4258 τοὺς
1041 4185 1099 4265 μὲν
1122 4186 1231 4262 τόνους
1261 4197 1350 4275 σφοῖς

163 4280 272 4365 ἔχειν,
292 4282 336 4350 τοὶ
356 4283 388 4350 δὲ
406 4282 494 4367 νόμον
521 4282 659 4366 ἄλλους,
681 4306 744 4354 non
768 4292 857 4377 σφοῖς
876 4286 931 4354 sed
954 4294 1047 4372 σφεῖς
1077 4293 1255 4378 genuinum
1278 4317 1350 4365 esse

164 4396 197 4456 et
219 4387 415 4456 Xnnorrmrnr
438 4389 647 4484 reddendum.

208 4494 272 4560 Pro
294 4495 476 4561 necessario
509 4497 713 4584 coniunctivo
741 4501 791 4566 vel
814 4520 890 4566 cum
920 4498 1117 4577 barbarismo
1140 4505 1354 4574 indicativum

167 4607 295 4667 servant
314 4619 426 4683 omnes
445 4603 490 4680 6,
512 4605 543 4670 6.
567 4602 600 4669 τό
619 4603 782 4685 νομόσομεν
804 4626 861 4691 pro
881 4605 914 4671 ri
935 4605 1118 4688 νομόσιομεν.
1146 4609 1264 4678 Contra
1280 4630 1355 4678 cou-

1090 4718 1102 4756 ς
1115 4714 1132 4744 ε
