3309 5750
716 658 780 721 337

167 854 261 937 φέναι
276 852 329 916 καὶ
346 851 506 917 δεδωκέναι
523 850 669 928 πληγάς,
686 848 773 916 idem
787 850 999 916 Attalensium
1014 849 1092 915 dixit
1108 849 1193 941 apud
1211 851 1337 917 Aiunt.

168 956 257 1025 XIII.
278 980 309 1045 p.
329 961 404 1022 555.
436 954 525 1019 cuius
546 955 653 1022 locum
679 978 743 1020 non
767 955 923 1045 gravabor
943 955 1138 1034 describere,
1167 968 1203 1021 ut
1223 957 1337 1021 ritium
1386 951 1389 956 ’

166 1064 314 1129 eximam.
357 1059 549 1141 Ἀντιφάνης
580 1061 593 1124 ὁ
624 1061 847 1150 κωμῳδιοποιὸς
876 1064 915 1134 ὡς
949 1062 1163 1140 άνερίγνασκέ
1189 1085 1260 1126 τινα
1292 1062 1336 1141 τῷ

165 1166 300 1246 βασιλεῖ’
320 1166 514 1247 Ἀλεξάνδρῳ
540 1171 599 1231 τῶν
623 1166 734 1231 ἑαυτοῦ
759 1168 921 1247 κωμῳδιῶν
946 1167 959 1230 ὁ
983 1168 1014 1231 δὲ
1036 1168 1126 1241 δῆλος
1144 1161 1178 1240 ἦν
1200 1168 1232 1230 οὐ
1254 1164 1338 1230 πάνυ
1395 1162 1403 1174 '

166 1272 197 1338 τι
220 1272 468 1353 άποδεχάμενος,
497 1271 544 1336 δεῖ
570 1271 651 1355 γάρ,
681 1269 810 1353 ἔφησεν,
838 1266 859 1334 ὦ
884 1271 1039 1350 βασιλεῦ,
1062 1272 1114 1335 τὸν
1140 1272 1233 1334 ταῦτ’
1258 1270 1339 1333 άπο·

167 1377 334 1458 δεχόμενον
364 1379 427 1442 άπὸ
458 1375 625 1454 συμβολῶν
659 1400 695 1440 τε
729 1375 885 1448 πολλάκις
924 1374 1151 1468 δεδειπνηκέναι
1181 1373 1235 1438 καὶ
1268 1373 1337 1453 περ)

166 1482 293 1563 ἑταίρας
319 1481 485 1554 πλεονάκις
510 1480 563 1545 καὶ
588 1481 753 1563 εἰληφέναι
778 1480 832 1545 καὶ
860 1480 1020 1545 δεδωκέναι
1045 1479 1194 1557 πληγάς,
1228 1490 1262 1542 at
1288 1476 1339 1542 di·

168 1598 255 1652 xerat
277 1589 329 1653 τδν
352 1589 446 1651 ταῦτ’
469 1586 705 1665 άποδεξάμενον.
754 1583 792 1649 In
814 1584 946 1675 passivis
966 1584 1128 1664 τύπτομαι
1150 1594 1182 1648 et
1202 1584 1338 1663 nuiouur

168 1694 281 1759 crebro
302 1702 488 1771 occurrunt,
514 1691 605 1757 utin
628 1692 779 1759 Nubibus
804 1716 846 1759 rs.
868 1696 945 1781 ¹⁴94.

280 1800 350 1881 φέρ’
373 1796 440 1872 ἴδον,
465 1798 498 1862 τί
520 1799 610 1881 δρρῖς,
636 1798 670 1874 ἤν
693 1800 740 1870 τίς
766 1822 801 1863 σε
824 1800 946 1881 πύκτης
976 1834 1015 1847 -
1039 1795 1214 1885 τύπτομαι.

166 1918 199 1971 et
224 1904 341 1996 passim
369 1903 455 1993 apud
481 1926 600 1969 omnes.
649 1903 805 1969 Futurum
832 1916 879 1969 est
905 1885 1113 2003 πληγησομαι
1134 1922 1193 1989 pro
1212 1900 1339 1978 πληγὴν

165 2012 310 2091 ληψομαι
343 2008 653 2098 frequentissimum,
686 2022 721 2076 ut
749 2011 781 2075 in
812 2009 914 2075 nobili
941 2007 1013 2073 loco
1038 2006 1270 2072 Duuosrttttttrs
1298 2005 1342 2069 de

171 2113 302 2180 Corona
321 2140 353 2204 p.
373 2118 455 2194 314,
476 2118 528 2179 24.
559 2116 651 2192 λανδ
676 2115 744 2193 βίον
769 2115 838 2198 ἔζης
864 2116 965 2187 δεδιὼς
989 2112 1042 2178 καὶ
1069 2111 1262 2192 τρέμωνκαὶ
1288 2110 1338 2175 aiei

168 2219 388 2296 πληγήσεσθαι
411 2220 592 2299 προσδοκῶν.
642 2218 703 2283 Pro
723 2218 854 2297 πληγάς
875 2220 1020 2299 ληψομαι
1041 2216 1127 2307 apud
1148 2216 1271 2281 Atticos
1290 2238 1341 2281 se·

168 2323 232 2389 rnel
254 2321 393 2388 occurrit
411 2324 631 2400 τυπτήσομαι,
657 2323 689 2385 in
714 2324 862 2389 Nubibus
889 2326 984 2387 1379.

491 2428 566 2491 ἀλλ’
590 2422 675 2501 αὖθις
700 2424 740 2493 αὖ
762 2428 977 2505 τυπτήσομαι.

168 2532 224 2597 ubi
254 2531 329 2597 oiim
358 2531 540 2610 πνπησομαι
571 2532 785 2614 scribebatur,
819 2534 859 2599 ab
884 2534 922 2599 iis
943 2532 1140 2624 proiectum,
1170 2532 1226 2624 qui
1249 2532 1339 2623 pueri

167 2639 210 2704 ita
231 2637 409 2703 didicerant
428 2636 483 2701 sed
504 2638 689 2705 nesciebant
711 2640 827 2715 ἐτάπην
848 2639 993 2705 Ionicum
1016 2651 1049 2705 et
1070 2638 1234 2729 po'e'ticum
1256 2660 1340 2715 esse,

166 2746 347 2822 πνπηοομαι
376 2764 533 2832 nusquam
559 2744 704 2810 Iocorum
727 2767 767 2810 ne
791 2745 877 2835 apud
896 2745 969 2811 illos
989 2745 1119 2835 quidem
1139 2757 1275 2810 exstare:
1308 2755 1343 2808 at·

169 2848 318 2938 frequens
338 2848 513 2915 admodum
534 2863 580 2918 cst
607 2854 751 2934 ληψομαι
773 2852 916 2933 πληγάς.
965 2852 1146 2918 Perfectum
1174 2872 1233 2942 pro
1258 2864 1341 2926 πλη-

169 2956 227 3034 γὴν
253 2955 373 3036 εἴληφα
394 2967 441 3021 est
461 2955 671 3035 πέπληγμαι,
698 2959 849 3025 omnibus
872 2959 990 3049 pariter
1008 2958 1042 3022 in
1059 2945 1140 3039 usu,
1165 2956 1342 3034 veteribus,

168 3060 409 3127 recentioribus.
458 3059 606 3128 Occurrit
624 3064 720 3131 etiarn
740 3068 868 3145 πληρην
889 3065 971 3147 ἔχω,
999 3064 1084 3155 quod
1106 3086 1234 3155 prorsus
1254 3062 1343 3129 idern'

168 3178 225 3231 est.
282 3165 497 3232 Antiatticista
532 3159 685 3234 Brxsr'm
718 3171 842 3237 Anecd.
871 3169 897 3238 I.
927 3194 960 3261 p.
989 3174 1152 3249 111‚·27.
1185 3170 1341 3248 πληγὴν

169 3268 283 3350 ἔχωνς
307 3273 375 3337 άντδ
397 3278 450 3338 τοῦ
468 3272 673 3353 πεπρωμένος,
690 3276 946 3358 Ἀναξανδρίδης,
966 3276 1054 3365 quod
1076 3276 1197 3365 optime
1218 3275 1341 3339 dictum

168 3382 230 3449 est,
254 3385 289 3437 ut
308 3380 437 3455 τραῦμα
460 3375 559 3456 ἔχων,
585 3378 711 3443 ὑπώπια
734 3378 836 3460 ἔχειν,
863 3379 996 3445 ἔλαττον
1020 3381 1124 3461 ἔχειν,
1152 3403 1233 3471 quae
1255 3381 1342 3444 idem

169 3477 349 3566 significant
368 3489 465 3568 atque
483 3482 689 3562 respersisse,
714 3483 930 3563 ὑπαπιάσδαι,
955 3486 1189 3560 ηλλαππῶσθαι.
1227 3485 1342 3550 Forma

169 3585 373 3664 πετύππημαι
402 3597 434 3650 et
457 3585 533 3650 hinc
561 3599 670 3652 natum
695 3590 868 3665 devertitur
889 3589 973 3678 apud
996 3590 1159 3679 nequiores
1180 3591 1254 3656 satis
1272 3590 1343 3656 ¹ire·

169 3702 305 3780 quenter
326 3705 512 3772 occurrunt,
532 3693 618 3784 apud
643 3695 770 3762 Veteres
787 3707 819 3760 et
834 3696 984 3786 probatos
1000 3697 1169 3786 scriptores
1185 3720 1342 3787 nusquam

170 3794 249 3860 mihi
277 3797 359 3863 lecta
379 3811 463 3865 sunt.
515 3801 613 3866 affert
637 3801 851 3869 Mlnucrtrtus
870 3804 1001 3893 quidern
1020 3828 1053 3893 p.
1078 3808 1158 3882 105,
1180 3810 1210 3870 5.
1232 3827 1250 3870 e
1268 3805 1343 3870 Mt-

169 3902 275 3966 diana
296 3907 510 3979 resuscitetur
540 3908 590 3972 ἐπὶ
616 3915 672 3981 τῆς
697 3909 853 3989 άρχηςρας
877 3911 994 3988 μέσης,
1020 3908 1159 3975 sednon
1182 3911 1281 3999 magis
1305 3933 1342 3976 ea

172 4006 264 4073 rerba
280 4008 365 4097 apud
383 4009 628 4077 Duuosrnttntnt
642 4015 780 4104 reperies
795 4037 892 4103 quarn
909 4014 997 4105 quod
1013 4038 1050 4080 ex
1069 4014 1180 4081 eadem
1200 4017 1344 4083 oratione

172 4111 310 4178 distreus
330 4114 420 4178 affert
439 4138 472 4203 p.
494 4118 531 4194 6,
553 4123 583 4184 8.
601 4118 714 4187 Bsmls
739 4121 752 4184 ὁ
778 4122 842 4202 γάρ
863 4124 1060 4205 Πολύζηλος,
1078 4123 1197 4204 φησὶν,
1222 4126 1253 4188 ἐν
1270 4149 1342 4189 σνν-

169 4216 295 4300 δείπνιρ,
329 4220 390 4297 ἐγὼ
420 4221 446 4284 δ’
471 4221 501 4284 ἐν
526 4223 683 4308 ἱερομηνία
711 4226 727 4299 ἢ
758 4226 844 4290 κατά
872 4227 966 4291 πάτον
994 4228 1033 4298 ὥς
1062 4229 1210 4292 ἐνταῦθα·
1241 4229 1255 4294 ὁ
1283 4231 1342 4309 μὲν

170 4322 233 4402 γάρ
248 4324 279 4386 ἐν
292 4323 387 4408 οἰκία,
408 4325 522 4407 φησὶν,
541 4327 665 4405 ἐπλήγη
688 4327 783 4413 (cod.
801 4330 990 4395 λοιποῖσιν
1008 4331 1342 4421 optimus-Iruuridn)

171 4428 232 4503 ἐγὼ
257 4427 283 4491 δ’
306 4430 336 4493 ἐν
357 4431 436 4512 ἱερῷ.
485 4429 670 4496 Memoriter
687 4432 736 4496 illi
758 4431 927 4500 Oratorum
948 4435 1036 4501 locos
1055 4438 1167 4502 afferre
1187 4439 1290 4503 solent
1309 4448 1342 4502 et

170 4530 203 4595 in
232 4528 281 4594 his
311 4553 375 4596 non
406 4534 574 4601 verborum
602 4535 657 4601 sed
681 4560 787 4605 rerum
807 4550 841 4605 et
859 4543 1088 4609 sententiarum
1107 4543 1263 4610 rationem
1283 4543 1342 4608 ha·

171 4636 256 4706 here.
290 4632 497 4726 Saepiuscule
516 4652 624 4706 autem
642 4642 845 4724 τετύπτημαι
864 4657 898 4710 et
914 4647 1088 4724 ε’πνπτηδην
1106 4648 1192 4738 apud
1212 4651 1342 4739 sequio-

169 4763 218 4807 res
239 4740 403 4831 leguntur,
422 4759 455 4812 et
472 4745 629 4840 defungar
647 4772 713 4816 uno
728 4752 891 4843 exemplo,
911 4754 1340 4844 quiaanrsrtrest37,16.
