3309 5750
881 656 947 722 ³66

307 862 375 935 θνσι
393 890 433 905 -
454 861 520 921 τῶν
540 854 635 920 οἰλῶν
656 856 811 928 οἰποςιῖνκι
837 858 897 917 τῶν
920 850 1009 935 παρὰ
1032 859 1104 924 ταῖς
1128 850 1295 931 ἐκβολαῖς
1321 856 1381 917 τοῦ
1407 876 1495 917 ποτα·

306 968 388 1041 pon,
413 960 470 1026 nbi
492 961 608 1027 iterum
633 957 743 1026 Codex
768 958 963 1024 Vatioam
986 961 1046 1023 τῶν
1068 955 1189 1024 ἄλλων.

356 1066 406 1133 td
423 1090 496 1157 pag.
517 1070 593 1133 215.
642 1063 772 1154 Corripe
801 1063 906 1129 obiter
934 1064 969 1127 in
997 1060 1110 1128 endem
1138 1085 1172 1129 re
1199 1062 1388 1134 Pollucem
1408 1061 1434 1130 l.
1452 1067 1494 1131 49.

308 1172 399 1240 ὕδατι
425 1174 482 1247 τὴν
500 1172 594 1249 οἰσιρν
621 1171 866 1250 ἐκκαθήραντες,
897 1167 954 1236 ubi
972 1166 1081 1235 (lodex
1101 1166 1141 1234 Δ.
1159 1168 1216 1234 τὸν
1242 1168 1350 1251 ρείπον
1371 1170 1495 1259 proris

308 1276 403 1361 οἰσιρν,
425 1276 514 1367 quod
537 1277 608 1343 εἰσιν
633 1274 788 1366 scriptum
813 1276 964 1366 oportuit.

355 1381 406 1447 sd
425 1407 496 1473 pag.
516 1386 592 1450 216.
624 1381 773 1472 Legenda
792 1380 833 1446 sd
853 1380 932 1449 haec
946 1393 994 1448 est
1010 1379 1212 1446 festivissima
1233 1379 1497 1458 narratiuncula,

234 1570 239 1577 ἱ
313 1511 408 1579 quam
438 1489 573 1557 Srttrno
601 1513 710 1555 amans
741 1488 852 1553 talium
881 1488 989 1578 lepido
1017 1486 1203 1579 perscripsit
1231 1485 1330 1555 xlv,
1364 1512 1400 1578 p.
1432 1489 1498 1553 659.

310 1596 473 1677 κιθαρῳδοῦ
509 1595 757 1675 ἐπιδεικνυμένου
780 1595 826 1683 (έν
848 1596 967 1681 Ἰασῷ)
1001 1594 1078 1667 τέως
1111 1593 1168 1671 μέν
1197 1592 1390 1673 οἰκροᾶσθαι
1429 1589 1497 1657 orio·

310 1724 392 1774 τας,
421 1702 460 1773 ὡς
481 1703 507 1766 δ’
529 1701 543 1765 o‘
569 1701 687 1767 κνίδων
710 1700 724 1765 θ
748 1699 835 1765 κατα
860 1700 916 1774 rio
946 1696 1157 1780 ἰχθυοπωλίαν
1181 1695 1382 1779 ἐψθφιρσε
1409 1718 1499 1762 κατα-

309 1805 462 1879 λιπόντας
494 1806 643 1870 οἰπελθεῖν
672 1804 724 1869 θπί
758 1804 794 1869 τὸ
826 1802 902 1885 έψον
938 1803 1021 1877 πλίρν
1052 1800 1116 1873 ένδς
1146 1801 1338 1881 δυτκιίφου.
1379 1802 1435 1867 τὸν
1458 1794 1497 1866 οἰν

312 1910 473 1991 κιθαρῳδίν
506 1908 673 1990 προσιόντα
703 1910 802 1975 εἰπεῖν
833 1904 893 1974 irs·
929 1902 951 1972 ὦ
982 1904 1140 1987 ἄνθρωπε,
1174 1906 1308 1981 πολλήν
1340 1930 1392 1973 σοι
1419 1903 1499 1987 χιίριι

311 2008 382 2079 οἶδα
409 2020 466 2087 τῆς
487 2013 560 2095 πρθς
584 2038 628 2092 ριε
650 2020 745 2092 τιμῆς
765 2013 819 2078 καί
841 2011 1064 2095 φιλομουσίας.
1088 2011 1115 2076 ol
1136 2010 1195 2089 μὲν
1217 2011 1290 2094 γὰρ
1311 2012 1416 2080 ἄλλοι
1439 2012 1498 2092 ἅμα

311 2119 355 2199 τῷ
383 2119 516 2191 κώδωνος
546 2120 680 2184 οἰκοῦσαι
709 2116 856 2191 σίπιθντες
887 2118 1040 2199 νίχονται.
1073 2116 1088 2181 i
1117 2116 1168 2195 δέ,
1196 2117 1231 2182 τί
1255 2117 1400 2199 λέγειςε
1434 2117 1495 2200 ἔφη.

313 2222 379 2300 ἤδη
411 2224 485 2306 ρίορ
510 2224 525 2289 o‘
551 2225 672 2290 κώδων
701 2223 918 2307 ἐψθΦιρκενς
954 2220 1091 2295 εἰπόντος
1119 2219 1170 2299 δέ,
1204 2215 1239 2286 εὖ
1264 2246 1318 2288 σοι
1341 2222 1414 2299 εἰη,
1446 2221 1496 2304 ἔφη

313 2328 367 2393 καί
389 2330 512 2403 ιίναςοίς
531 2332 655 2406 σίπῆλθε
672 2330 725 2402 καί
744 2329 859 2405 αὐτός,
880 2327 938 2393 ubi
951 2326 1066 2417 supple
1079 2324 1331 2399 καταλιπόντας
1349 2326 1498 2415 (πάντας)

312 2435 463 2500 οἰτελθεῖν
487 2447 520 2500 et
542 2433 615 2514 σ’ἰροα
638 2435 682 2515 τῷ
704 2437 758 2498 τοῦ
782 2433 915 2504 κώδωνος
938 2434 1083 2496 οἰκοῦσαι.

361 2538 410 2605 td
430 2564 501 2631 pag.
521 2543 597 2606 239.
643 2537 770 2605 Nomen
787 2536 931 2609 Μικθλνς
953 2534 1091 2600 occurrit
1110 2545 1142 2599 et
1162 2532 1196 2597 in
1214 2533 1340 2610 iocosis
1361 2537 1496 2613 version

315 2643 481 2713 Cnsrrrrs
510 2645 596 2737 apud
618 2645 852 2711 Psonscsun
877 2642 919 2707 de
936 2640 1076 2707 vitando
1095 2661 1175 2706 aere
1191 2641 1310 2708 alieno
1331 2666 1369 2733 p.
1392 2646 1458 2711 830
1473 2658 1497 2707 o.

316 2750 370 2816 sed
395 2751 458 2817 olio
482 2749 580 2817 modo
604 2748 824 2841 depravatum.
872 2744 1023 2820 Editurr

493 2855 546 2922 καί
570 2856 632 2935 ροίρν
655 2856 869 2921 Μίκκυλον
892 2851 1019 2937 εἰσεῖδον

493 2964 554 3024 τῶν
576 2959 660 3041 έρίων
682 2957 831 3036 ξαίνοντα
854 2953 994 3036 γυναῖκα
1016 2978 1052 3019 τε
1076 2953 1314 3033 συγξαίνουσαν

494 3063 547 3129 τὸν
569 3064 662 3143 λιροδν
684 3063 867 3146 Φεύγοντας
891 3062 923 3126 έν
946 3061 1015 3142 αἰνῇ
1040 3060 1187 3137 δηϊοτῆτι.

319 3168 374 3234 obi
397 3165 601 3233 scribendum
627 3178 660 3234 et
683 3164 900 3257 supplendum
923 3164 1062 3230 arbitror
1084 3165 1118 3231 in
1143 3163 1239 3232 hunc·
1255 3166 1419 3237 modum:

496 3273 550 3339 καί
573 3274 635 3353 ριθρν
658 3273 801 3340 Μικθλον
824 3272 953 3339 εἰσεῖδον
984 3272 1118 3361 (κρατέρ’
1141 3270 1239 3351 ἄλγε’
1262 3271 1418 3364 ἔχοντα).

320 3403 357 3448 er
380 3378 546 3446 notissimo
570 3377 743 3445 llomerico
767 3400 873 3445 rorsu:

498 3485 552 3551 καί
577 3487 638 3565 μὴν
662 3482 832 3552 Τοίνταλον
855 3481 981 3548 εἰσεῖδον
1004 3481 1071 3547 κτέ.

368 3590 417 3657 Ad
437 3614 509 3682 pag.
531 3594 608 3659 247.
654 3590 700 3658 Ut
727 3588 839 3654 κιίπτω
869 3588 951 3653 solet
978 3587 1089 3652 multis
1113 3587 1218 3654 modis
1239 3587 1434 3681 depravari,
1461 3594 1499 3661 sio

324 3698 418 3764 affine
446 3697 578 3764 verbum
600 3695 714 3763 λιίπτω
737 3717 830 3786 saepe
850 3718 868 3760 a
887 3694 1023 3761 librariis
1042 3706 1089 3761 est
1110 3695 1315 3765 obscuratum
1336 3713 1370 3767 et
1390 3701 1427 3768 in
1447 3701 1500 3767 olla

324 3804 431 3870 omnio
460 3804 617 3870 relictum.
663 3801 702 3867 ln
729 3801 894 3867 Pmotrs
920 3799 1044 3866 Comici
1074 3801 1253 3890 fragmento
1279 3806 1369 3896 apud
1396 3810 1501 3878 Arnu-

325 3929 438 3976 rsnon
457 3910 498 3976 X.
517 3935 551 4001 p.
575 3913 640 3974 424
658 3927 690 3974 r.

615 4010 744 4082 κνοίθους
767 4009 855 4083 ἔτους
880 4011 1043 4078 ε’κλέπτεθ
1069 4013 1213 4083 ἑκοίςοτε.

327 4114 411 4181 male
431 4115 548 4180 Bonan
564 4113 757 4189 ἐκλεπτέτην
775 4114 952 4206 rescripsit,
972 4138 1032 4204 ego
1050 4117 1220 4192 ε’κλοίπτεθ
1240 4120 1375 4192 tndem
1400 4149 1504 4195 rerum

329 4242 395 4287 esse
414 4219 565 4299 arbitror,
590 4230 625 4284 ut
644 4217 677 4283 in
696 4217 848 4285 Aetam.
873 4223 968 4286 1229.
992 4221 1109 4303 sporn
1128 4224 1288 4306 ἐξέλαψα.
1321 4228 1504 4299 Perfectum

327 4325 461 4407 λέλαφα
473 4339 572 4393 exstat
582 4327 614 4392 in
628 4325 873 4393 Antstot'nsrtls
882 4326 1060 4418 fragmento
1071 4330 1156 4421 opud
1169 4323 1505 4428 Arnsstt.Xl.p.485i.

504 4434 539 4497 τὸ
565 4435 590 4499 δ’
614 4431 700 4515 αἷμα
720 4434 874 4519 λέλαφας
897 4439 1029 4516 τούμὸν,
1054 4434 1136 4515 ὦναξ
1159 4438 1318 4517 δέσποτα,

330 4539 415 4606 undo
442 4539 565 4628 corrige
592 4539 756 4630 stupidum
785 4563 926 4610 errorem
955 4545 988 4610 in
1015 4544 1134 4611 Pfloru
1160 4543 1278 4612 lexico
1299 4553 1506 4620 commissum

328 4647 505 4727 λέροΦαςε
530 4646 678 4721 πέπωκας
699 4656 762 4739 *pro
785 4657 1003 4717 AeAAoAc.

375 4753 487 4820 Formo
510 4764 557 4818 est
578 4759 739 4834 λαπιῖναι,
764 4753 850 4822 unde
868 4757 1055 4836 λαπιίσομαι
1076 4769 1109 4826 et
1126 4757 1370 4841 έκλαπιίσορκαι,
1392 4764 1428 4831 in
1445 4786 1506 4855 qno

1539 992 1541 1022 l
