3309 5750
858 622 920 686 158

294 798 349 866 Sic
371 802 434 878 ta,
459 801 512 865 λῖν.
548 817 606 884 pro
628 795 755 876 ὠνάμην
774 796 807 862 δέ
827 820 861 862 πι
880 796 931 861 διά
949 797 985 862 σὲ
1011 806 1067 873 τῆς
1090 794 1270 874 ἀποδημίας
1291 797 1488 881 optimusA
1524 772 1528 778 .

292 911 326 971 et
348 904 371 971 G
395 902 546 971 exhibent
570 902 756 982 ὠνησάμην,
781 909 818 967 ut
841 902 874 966 iu
897 902 1002 966 Pnoru
1022 901 1138 967 Lexico
1157 900 1277 985 legitur
1294 902 1486 977 δνησασώιιιε

179 1082 185 1091 ,
296 1010 514 1093 ὠφεληθῆναι,
536 1008 710 1074 ἀπολαύειν
730 1028 787 1093 pro
805 1005 953 1084 ὄνασθαι,
978 1007 1095 1096 (ipsius
1117 1024 1227 1071 errore
1250 1006 1487 1086 Grammatici,

293 1114 351 1200 qui
381 1121 548 1181 sexcentos
581 1114 761 1191 commisit,
796 1112 829 1178 iu
861 1111 913 1177 bis
944 1110 1126 1181 πάλεσινι
1161 1111 1371 1189 άναλώριασιν
1402 1112 1486 1179 bona

291 1218 357 1286 fule
380 1239 437 1305 pro
460 1218 608 1308 τέλεσιν).
657 1218 725 1285 lam
748 1237 825 1284 reru
855 1216 993 1283 lectores
1023 1215 1254 1303 elegantiores,
1284 1216 1406 1301 quibus
1429 1216 1486 1283 ali·

292 1324 398 1392 ctunde
421 1325 607 1392 innotuerat
627 1324 774 1407 πρίασθαι
805 1342 868 1391 noo
884 1323 1070 1398 dalmatae·
1088 1341 1158 1387 esse
1186 1320 1387 1399 dicendum,
1411 1326 1485 1399 ὠνη·

291 1429 398 1511 σάμην
417 1429 458 1495 in.
470 1428 626 1511 ἐπριάμην
648 1427 871 1514 reiiugebaut,
893 1426 977 1514 quod
1000 1425 1235 1495 alibilortasse
1254 1426 1484 1502 scitertuetum

253 1588 259 1600 .
292 1544 362 1614 est,
398 1543 433 1602 at
458 1535 491 1599 iu
514 1534 569 1600 illo
591 1534 678 1610 loco,
702 1540 834 1620 propter
858 1551 954 1619 quem
978 1531 1057 1598 haec
1090 1531 1283 1609 scribimus,
1311 1530 1487 1600 infeliciter

291 1638 466 1707 admodum
497 1659 550 1705 res
570 1641 610 1705 iis
639 1639 750 1706 cessit.
809 1638 938 1724 llepone
961 1638 1066 1724 igitur.
1093 1638 1183 1707 τοῦτο
1202 1642 1280 1715 νοῦν
1310 1637 1367 1705 eei
1392 1638 1484 1718 μόνον

292 1743 449 1824 ὠνάμην
471 1749 526 1810 ποῦ
551 1749 604 1811 σοῦ
626 1742 733 1827 {porca
757 1750 797 1810 et
808 1742 944 1814 babebis
960 1742 1046 1829 quod
1059 1742 1170 1809 solum
1189 1741 1299 1808 eiloco
1320 1745 1482 1810 convenit.

292 1849 393 1935 Saepe
424 1848 775 1929 transmeandum
797 1835 837 1915 et
853 1847 1028 1928 ὠνησάμην·
1041 1854 1155 1913 contra
1184 1865 1307 1912 morem
1334 1856 1482 1915 ueterum

293 1955 490 2041 usurpavit,
507 1973 668 2040 nusquam
689 1953 852 2021 infelicius
876 1954 973 2041 quam
995 1955 1029 2019 in
1045 1952 1316 2030 Hermotimum,
1339 1958 1402 2019 81..
1420 1956 1482 2034 tyb

291 2058 452 2126 παλάνπον
474 2058 641 2139 ὠνησάμην
672 2060 709 2126 πὸ
742 2059 970 2140 πλημμέλημα
1001 2060 1088 2142 παρά
1123 2057 1252 2151 πένητος
1285 2059 1409 2142 άνδρὸςὲ.
1427 2066 1483 2127 rai

291 2163 524 2247 Ἐχεκράτους,
548 2165 603 2231 ubi
624 2172 658 2231 et
686 2163 789 2231 torma
810 2166 927 2231 vitiosa
947 2173 997 2232 cst
1019 2174 1050 2231 et
1070 2163 1204 2230 verbum
1229 2183 1292 2229 non
1316 2163 1481 2233 maneum

292 2268 454 2336 Debuerat
476 2271 563 2336 euim
586 2268 778 2354 ἐξεπριάμην
796 2269 916 2337 dicere.
962 2270 1047 2337 Sciri
1069 2278 1180 2341 autem
1204 2266 1482 2356 facile-potetate

290 2373 433 2461 quolibet
456 2374 574 2441 barum
597 2395 708 2441 rerum
720 2375 849 2443 curioso
867 2375 1016 2458 πρίασθαι
1038 2373 1142 2440 solum
1162 2376 1334 2460 antiquum
1354 2380 1394 2441 et.
1409 2395 1480 2462 pro·

290 2478 368 2547 bum
401 2499 489 2558 esse,
513 2499 588 2546 nam
615 2480 710 2547 multi
738 2480 798 2561 boc
829 2480 967 2548 docuere
992 2480 1161 2565 magistri,
1190 2479 1263 2545 uide
1286 2480 1482 2547 Pmnsouad

290 2585 411 2652 Αιιιον
445 2584 644 2653 llnnouruuuu
675 2607 709 2673 p.
741 2590 808 2653 455
829 2595 871 2661 et¹
896 2586 1016 2653 bomon
1046 2583 1087 2654 ad
1114 2584 1317 2651 Pnnrmenuu
1346 2606 1382 2671 p.
1406 2590 1480 2652 138.

289 2689 394 2773 Quam
417 2710 514 2777 saepe
531 2699 730 2759 correctores
754 2693 955 2769 mutaverint
972 2692 1011 2755 in.
1025 2689 1198 2762 buciaoeis
1221 2687 1342 2755 termas
1355 2690 1481 2781 ‚impru-

289 2790 348 2862 ba's
382 2795 613 2865 sincerioribus
647 2795 742 2862 iufra·
764 2798 827 2869 erit
855 2795 1044 2867 ostendendi
1057 2794 1183 2865 >locust
1219 2793 1478 2864 dddamznunc
1547 2820 1550 2830 ·

288 2902 401 2988 potius
423 2899 557 2978 verbum
581 2903 781 2983 ονώνεϊσοαι
802 2903 1040 2988 compositum,
1059 2898 1149 2987 quod
1163 2901 1396 2987 propemodum
1408 2903 1479 2969 sine

288 3007 426 3091 uestigio
443 3005 540 3092 periit
552 3021 560 3071 ε·
573 3013 624 3071 est
639 3013 749 3072 autem
771 3009 977 3084 ὑπωννῖσοαι,
1001 3007 1095 3072 cuius
1108 3006 1250 3083 aoristus
1266 3011 1374 3072 exstat
1394 3006 1479 3094 apud

288 3110 533 3177 Tmoennasnota
556 3110 712 3178 Cboroett.
739 3111 794 3178 xl.
817 3113 1072 3195 ὑποπρίασώαι
1094 3111 1192 3195 φίλον
1214 3113 1479 3192 ἐπιλαβάννάπο·

288 3215 415 3295 tiator,
437 3214 509 3302 lege
529 3209 604 3282 circa
627 3217 736 3297 λαβὼν
761 3218 943 3284 άποδάσώαι.
989 3216 1073 3298 Quid
1103 3215 1268 3301 significet
1293 3219 1505 3293 doeaaaialca·

286 3321 481 3391 luculenter
493 3320 676 3408 apparebit
691 3342 709 3389 e
726 3318 837 3390 *verbo
857 3323 1046 3397 simillimo,
1070 3319 1157 3407 quod
1180 3321 1480 3408 negligentiaseri.

286 3426 407 3520 barum
422 3435 461 3497 et
488 3426 890 3512 Βπνιιιιπαραδιοροώσει
910 3428 1005 3515 pane
1032 3426 1146 3513 periit,
1168 3426 1226 3493 sed
1247 3428 1406 3499 inuitam
1430 3449 1479 3496 ro·

287 3533 395 3598 uocari
418 3539 506 3600 certo
526 3532 808 3621 remediopotest.
854 3533 972 3621 Editur
991 3533 1025 3598 in
1045 3531 1215 3608 Pnnumcua
1232 3537 1475 3617 προπαρασκενρῑ

286 3637 433 3722 respuere?
457 3638 494 3702 in·
510 3637 645 3704 brunum
667 3640 783 3707 Acecd.
807 3640 843 3707 l.·
865 3659 896 3725 p.
917 3643 982 3714 et,
1006 3641 1060 3703 δά.
1091 3639 1319 3719 ὑποροψοινοῒνι·
1336 3641 1375 3706 τὸ
1398 3642 1476 3720 otyo-

286 3741 429 3825 ράζοντδς
452 3765 532 3816 τινος
556 3741 629 3823 ὄψον
652 3741 751 3826 ἕτερον
773 3755 815 3828 πη
833 3742 1181 3829 πιμηῂάπερβάλλονπα
1201 3746 1359 3812 desistant
1400 3745 1478 3819 Get·d

287 3847 452 3919 tissimum
471 3850 525 3912 'est
546 3848 718 3927 ὑποφωνεῖν
738 3867 852 3915 verum
875 3869 967 3927 esse,
984 3847 1069 3935 quod
1092 3868 1156 3914 nou
1179 3851 1310 3916 tanturm
1323 3850 1477 3938 analogia

287 3957 430 4047 praestat
454 3949 510 4015 sod
532 3959 566 4016 et
584 3951 710 4019 Codicis
733 3955 822 4020 unici
841 3955 1005 4041 scriptura
1030 3952 1212 4036 ὑποψάνην,
1235 3956 1291 4021 cui
1307 3955 1476 4042 vulgatam

287 4043 327 4120 de
345 4063 404 4119 sub
434 4054 595 4121 Bnuunnos
619 4056 805 4136 substituit,
828 4059 933 4126 obiter
956 4058 1080 4126 bexicis
1103 4058 1319 4126 eximendam
1354 4061 1473 4129 Viden

286 4158 437 4246 idipsum
455 4178 528 4226 osse
548 4160 632 4245 quod
646 4161 883 4230 Tnnoounasrns
905 4163 986 4230 dicit
1008 4165 1238 4247 drorpieular,
1261 4165 1382 4254 quod
1366 4173 1475 4306 genas

286 4270 336 4334 est
358 4260 525 4346 βδελυρίας
545 4266 732 4334 etiamnunc
751 4269 831 4334 satis
854 4276 966 4334 notum
983 4279 1015 4335 et
1038 4269 1238 4357 frequens
1298 4324 1301 4330 .

292 4366 607 4448 Quemadmodum
637 4371 787 4439 lucianus
817 4373 999 4458 promiscue
1018 4375 1199 4456 ἐποιησάμην
1224 4376 1420 4468 (ὠνησάμην)
1442 4386 1475 4446 et

285 4471 440 4556 ἐπριάμην
466 4475 516 4539 uti
538 4474 636 4554 solet,
670 4476 717 4542 sic
738 4477 769 4542 ei
799 4475 932 4562 perinde
959 4489 1008 4545 est
1029 4490 1141 4548 utrum
1164 4485 1249 4559 λησο
1270 4502 1311 4548 an
1335 4486 1476 4565 λησομαι

285 4577 393 4655 dicat,
418 4598 615 4665 quamquam
629 4579 826 4648 illudsolum
848 4581 983 4667 probum
1004 4594 1069 4661 est,
1091 4586 1152 4652 boc
1164 4586 1327 4653 novicium
1353 4597 1387 4655 et
1404 4609 1473 4676 pra·

288 4701 377 4755 uum.
423 4682 558 4769 Legitur
583 4691 642 4762 13,
671 4691 722 4753 tt
746 4689 786 4763 ὠς
804 4687 840 4763 δη
860 4688 994 4756 ἐνταῦθα
1015 4691 1179 4773 λησόμενοι
1199 4694 1270 4767 ποὺς
1286 4678 1475 4782 πολεμίους,
