3309 5750
791 652 857 719 293

238 851 425 943 integriores
455 848 530 915 libri
561 869 654 937 opem
679 844 835 930 tulerint,
871 843 958 910 unde
986 846 1205 937 unusquisque
1233 872 1256 913 a·
1276 850 1411 917 falsariis

239 963 289 1025 ἐπ’
313 958 480 1041 αὐτοφώρῳ
509 952 713 1045 deprehensis
741 952 801 1017 sibi
830 974 941 1020 cavere
970 951 1081 1019 discat.
1133 953 1172 1019 In
1194 956 1286 1023 Ιθιάθ.
1305 958 1410 1025 Mort.

245 1069 303 1142 10,
325 1062 388 1142 20,
402 1061 432 1130 6ss
456 1061 545 1142 μέτει
565 1063 621 1135 την
643 1065 761 1125 σανποῦ
783 1058 900 1139 τέχνην
928 1056 1120 1149 inantiquis
1141 1055 1313 1128 (lodicibus
1331 1073 1412 1129 ME·

239 1176 405 1237 ΤΕΙΤΗΝ
426 1169 460 1232 in
478 1172 704 1232 MEI'ICTHN
727 1163 863 1242 abierat,
885 1164 995 1255 itaque
1018 1163 1105 1230 nunc
1131 1165 1164 1230 in
1180 1168 1343 1258 plerisque
1365 1169 1414 1234 le·

240 1275 325 1365 gitur
354 1274 489 1354 μεγθςην
523 1273 632 1342 ἀσκεῖν
659 1270 714 1343 την
745 1275 864 1334 σαυτοῦ
891 1270 1021 1350 τέχνηνε
1056 1269 1161 1336 rideu'
1191 1272 1283 1343 unde
1304 1275 1419 1346 ἀσκοῖς·
1484 1315 1488 1319 -

238 1393 348 1446 natum
371 1379 437 1445 sit?
488 1379 545 1454 ll,
570 1377 621 1440 15.
645 1375 697 1439 πον
721 1372 876 1451 μεταίτην
890 1370 988 1453 Ἶρον,
1017 1386 1104 1439 reete
1130 1377 1238 1441 exulat
1259 1378 1414 1457 μεταίτην

241 1510 277 1551 er
307 1482 450 1575 optimis,
480 1492 513 1546 et
541 1490 589 1544 est
618 1478 1013 1567 vocabulum‘postremae
1038 1481 1160 1547 aetatis.
1207 1482 1306 1547 Plane
1331 1483 1415 1547 eius·

240 1588 404 1655 demmodi
442 1585 600 1651 emblema
629 1595 677 1649 est
715 1586 774 1661 66,
803 1586 855 1647 24.
889 1585 914 1647 οἱ
941 1584 972 1649 δὲ
1001 1586 1223 1658 νῦνπλοθσιοι
1253 1589 1327 1669 πρὸς
1358 1588 1415 1666 ἐμὲ

233 1695 308 1778 Ἶροι
330 1692 448 1769 δηλαδὴ
474 1688 630 1775 ἑθπαντες,
657 1687 757 1755 codd.
778 1686 833 1771 ἶροι
857 1687 910 1752 καὶ
930 1689 1055 1769 πτωχοί
1060 1740 1069 1764 ,
1093 1691 1148 1755 alii
1170 1689 1224 1772 ἷροι
1246 1693 1299 1757 καὶ
1321 1716 1415 1774 προσ-

241 1811 349 1877 αῖται,
373 1817 454 1861 unus
477 1793 629 1860 Arerum
646 1795 788 1861 serravit.
810 1793 850 1858 ln
864 1796 921 1871 16,
946 1796 999 1859 22.
1019 1795 1052 1858 in
1070 1794 1171 1861 Godd.
1190 1797 1229 1861 ad
1250 1798 1414 1873 ἐτελέσθης

240 1905 303 1986 γοέρ
334 1901 495 1967 adduntur
523 1903 566 1968 πθ
591 1902 747 1968 έλενσένια
773 1901 911 1977 δηλονέτι
941 1914 974 1966 et
1001 1904 1140 1978 δηλονότι
1147 1906 1217 2007 λτοὶ
1240 1905 1415 1984 ε’λενσένια,

240 2009 350 2096 tritum
372 2018 419 2072 est
438 2006 554 2072 inistis
576 2006 731 2082 δηλονότι,
751 2004 838 2096 qood
858 2006 933 2095 quia
952 2007 1105 2073 scribitur
1128 2011 1163 2084 δη
1197 2008 1298 2099 saepe
1318 2008 1352 2073 in
1379 2009 1415 2084 δή

239 2116 326 2182 abiit.
354 2117 410 2192 10,
432 2115 538 2191 10,(6.
563 2111 721 2177 sirarios
742 2114 758 2186 ἡ
781 2110 871 2182 πόλις
891 2113 1076 2193 οὶνεκήρνξεν
1098 2112 1132 2177 in
1152 2111 1264 2176 multis
1285 2113 1416 2178 additur

239 2218 405 2299 εὐεργέτην
428 2216 565 2292 δηλονότι
595 2216 646 2281 ‘rel
665 2217 754 2289 δῆλον
779 2214 838 2281 θτι.
875 2221 930 2295 16,
952 2221 1004 2283 21.
1028 2219 1072 2283 τοὶ
1094 2220 1247 2299 πορθμεῖα
1268 2217 1414 2282 οὶπθθοτε.

239 2322 327 2403 παρθι
346 2318 470 2384 ποένπων
486 2320 539 2394 ἤδη
557 2318 631 2400 ἔχω.
649 2320 697 2391 δὸς
715 2320 768 2384 καὶ
790 2322 828 2384 σὺ
844 2322 899 2386 τὸν.
914 2322 1035 2401 ὀβολόν,
1053 2309 1238 2413 ἱοόρϋιιιίε
1256 2323 1416 2388 emblema

241 2439 289 2493 est
318 2424 406 2505 παρα
433 2422 558 2489 ποθνποιν
588 2424 642 2499 ἤδη
675 2425 726 2489 τον
763 2426 872 2502 ὀβολὸν
904 2425 980 2507 ἔχον.
1013 2431 1070 2507 18,
1097 2436 1126 2494 5.
1159 2427 1348 2510 Κλεσποθτρρι
1375 2437 1414 2509 τῇ

240 2532 334 2599 ποὶνν.
358 2526 435 2595 God.
455 2536 503 2593 M.
528 2528 671 2605 βασιλίδι
696 2538 735 2611 τη
758 2528 851 2595 πιθνν.
878 2531 913 2597 bl.
936 2544 975 2615 τῇ
994 2533 1139 2611 βασιλίδι
1155 2534 1267 2599 πνέον.Δ
1281 2534 1415 2598 Emblo-

241 2648 327 2703 meta
354 2657 392 2699 ex
419 2632 561 2720 margine
590 2644 719 2723 recepta
746 2645 869 2700 mutare
889 2636 999 2703 locum
1022 2638 1126 2704 solent
1146 2651 1177 2705 et
1199 2639 1320 2708 ineerta
1340 2637 1416 2705 sede
1478 2713 1481 2719 Δ

245 2744 386 2810 volitare
422 2738 525 2803 Affine
556 2750 602 2804 est
636 2741 740 2817 45‚9.
764 2740 798 2804 το
823 2739 900 2821 ἄχρι
919 2744 976 2806 τοῦ
1003 2749 1131 2825 λουτροῦ
1159 2745 1256 2810 αἰῶνα
1284 2743 1414 2824 μέγιςον

241 2849 399 2930 ἐτιθέμην,
424 2844 481 2910 ubi
501 2844 557 2910 alii
575 2844 705 2924 μέγιςον
727 2844 779 2910 alii
793 2846 928 2924 μθκιςον
950 2846 1089 2928 habent,
1121 2871 1229 2915 rerum
1252 2863 1299 2917 est
1324 2863 1415 2917 utro·

242 2976 305 3044 que
325 2951 455 3023 abiectos
474 2953 571 3016 αἰῶνα
591 2951 745 3029 ἐτιθέμην.
779 2954 837 3030 46,
859 2955 909 3017 16.
932 2951 1007 3019 θ’πον
1033 2979 1072 3033 γε
1095 2955 1148 3020 καὶ
1171 2955 1243 3036 ὅροῖν
1265 2957 1350 3021 αὐτοὶ
1368 2955 1414 3038 ἔρ-

241 3083 296 3139 γον
321 3053 356 3133 ἦν
382 3056 414 3121 in
436 3055 545 3120 multis
567 3066 613 3120 est
633 3054 720 3136 ἔργον
743 3053 959 3141 δνσγηερὲς,,ἦν.
978 3111 980 3115 .
1001 3058 1156 3126 Similiter
1180 3063 1237 3137 73,
1261 3064 1311 3127 12.
1336 3062 1414 3128 boni

243 3163 377 3242 ,Codices
406 3161 526 3227 babent
556 3161 809 3227 additamentum
839 3163 898 3235 ποις
928 3165 1140 3247 φιλοσοφίας,
1175 3165 1262 3255 quod
1295 3169 1415 3259 optime

243 3272 331 3336 abest
361 3292 377 3332 a
407 3268 547 3333 coeteris.
594 3266 633 3332 ln
660 3269 807 3356 Nigrino
836 3273 945 3346 3,.10.
975 3270 1007 3334 in
1039 3270 1186 3337 omnibus
1217 3284 1263 3338 est
1292 3270 1413 3351 ἕποιμθς

242 3379 323 3458 εἰμι,
357 3374 526 3439 Lucienus
554 3395 643 3437 more
674 3371 779 3437 Attico
808 3371 1101 3452 ἀοθειο1έποιμος,
1133 3376 1220 3464 quod
1242 3399 1279 3440 ex
1302 3377 1414 3441 unoB

242 3476 399 3570 apparuit.
447 3477 612 3565 Frequens
633 3475 793 3541 emblema
813 3466 949 3566 apparet
969 3481 1024 3555 10,
1049 3481 1098 3542 12.
1132 3466 1222 3558 Ναί,
1238 3481 1320 3563 φησί
1344 3505 1412 3553 τις,

240 3583 330 3659 οέλλθι
352 3588 403 3647 νῦν
433 3579 672 3660 ἑκοέςονκαιρος
702 3580 775 3653 ἴδιος
799 3581 854 3662 ὑφ’
881 3583 1225 3660 ημῶνοέποδέθεικται,
1257 3583 1351 3665 ποέχα
1375 3583 1415 3650 θον

242 3690 321 3762 εἴποι
340 3705 410 3762 τις,
443 3684 634 3753 6101111)οηί
654 3685 730 3753 libri
751 3686 905 3755 omittunt
919 3686 1027 3768 π’θχα.
1044 3685 1082 3751 θον
1102 3687 1183 3752 εἴποι
1206 3713 1271 3762 τις,
1302 3689 1416 3755 rectis·v

241 3796 336 3873 sime,
360 3793 414 3861 sed
432 3794 489 3884 qui
509 3793 569 3859 ista
590 3792 757 3882 adscripsit
775 3793 807 3859 io
830 3815 893 3859 suo.
908 3790 1027 3859 Codice
1046 3791 1189 3882 legebat:
1213 3793 1297 3868 nat,
1323 3795 1418 3860 οὶλλθο

242 3907 293 3968 νῦν
315 3900 419 3990 idque·
434 3899 649 3966 revocandum
672 3899 838 3989 expunctis
858 3897 940 3978 Φησθ
952 3921 1013 3969 τις.
1033 3894 1086 3961 si
1103 3898 1232 3987 quando
1252 3899 1414 3966 emblema

241 4028 316 4080 ¹eum
335 4007 620 4095 reliquaoratione
641 4029 706 4071 non
727 4007 799 4073 setis
815 4005 898 4070 bene
916 4003 1135 4093 componitur,
1149 4017 1414 4094 perguntterrare

241 4123 274 4179 et
305 4133 362 4202 per
392 4108 456 4175 rim
489 4110 751 4188 accommodant,
780 4121 822 4175 'ut
851 4109 885 4175 in
908 4108 1040 4175 caeteris
1060 4107 1144 4175 vitiis¹
1167 4109 1414 4192 inceresolent3

240 4216 448 4298 χειραγωγῶν
474 4218 531 4293 46,
554 4217 606 4280 10.
625 4214 680 4279 ubi
696 4201 732 4281 in
751 4224 864 4296 χεῖρας
883 4215 995 4296 ὀρέγων
1015 4213 1222 4304 depravatum
1243 4229 1306 4296 est,
1326 4216 1416 4308 quoti

242 4322 436 4411 sequebatur
453 4323 504 4386 πθν
527 4319 726 4399 Θεσμόπολιν
749 4318 974 4399 ἐπερειθέμενον
1002 4319 1069 4384 sine
1092 4321 1158 4416 ulla
1187 4323 1341 4414 religione
1362 4347 1414 4390 re·

240 4417 462 4493 finxerunt-in
493 4427 576 4507 αὐτῷ
609 4423 836 4505 ἐπερειδομένην.
871 4421 924 4486 Sic
952 4427 1085 4503 17,15.·
1114 4423 1213 4516 quirm
1240 4430 1412 4507 ποιούμενοι
1510 4470 1513 4476 «

242 4516 436 4622 irrepsisset,¹
452 4533 607 4610 τιθέμενοι
627 4530 659 4592 in
679 4529 834 4607 τιθέμενον
856 4527 946 4593 abiit.
977 4517 1103 4596 Interea
1120 4533 1281 4598 'sententia
1305 4533 1416 4623 dispe·

243 4640 299 4717 rit,
319 4647 384 4710 τοῖς
404 4639 430 4702 δ’
454 4638 536 4701 οὐδὲν
555 4637 662 4716 μέλει,
688 4633 775 4725 quod
795 4634 951 4725 imprimis
972 4633 1103 4703 illorum
1124 4661 1217 4703 eausa
1237 4634 1415 4704 dolendum
1437 4695 1440 4700 .

243 4756 307 4824 est,
338 4743 476 4841 qui-isto
490 4741 596 4811 omnis
616 4764 707 4832 aegra
727 4753 759 4808 et
781 4741 918 4808 absurda
940 4753 1047 4809 tamen
1067 4745 1338 4835 interpretentur..
1358 4736 1412 4812 'Sin
