3309 5750
741 623 804 687 183

184 842 295 888 omnes
322 818 473 887 uersibus
499 816 704 896 scribebant,
727 819 793 881 noir
816 816 880 899 γὰρ
904 817 1003 883 ὁτιοῦν
1027 820 1277 901 emperantia
1301 820 1360 902 μέε

182 950 251 1008 τρον
282 923 448 1003 ἐκόσμησε.
482 928 572 987 τοῦτο
599 924 696 986 πόσιν
721 920 833 993 οἱπλῶς
861 920 967 1000 νόμος,
997 926 1087 988 τοῦτο
1113 923 1241 1002 δόγμα,
1266 931 1359 991 τοῦτο

184 1032 328 1113 χρησμὸς
355 1031 418 1094 clud
441 1027 591 1108 τρίποδος.
628 1025 750 1093 Serius
774 1026 901 1092 demum
924 1029 1036 1092 saluta
1055 1032 1166 1094 cratin
1186 1034 1224 1094 in
1245 1053 1309 1094 usu
1327 1040 1360 1095 cl

184 1139 306 1201 honore
325 1159 396 1202 esse
415 1139 535 1225 coepit,
559 1138 610 1199 ila
629 1143 755 1211 tamen,
774 1142 812 1198 ut
832 1136 984 1199 uersibus
1004 1142 1037 1197 el
1057 1142 1162 1201 melre
1181 1158 1360 1200 suasurus

185 1249 217 1305 et
237 1242 341 1305 donar
359 1248 541 1306 constaret.
582 1238 801 1327 Nuperrime,
834 1236 940 1327 inquit
962 1238 1050 1323 (χόὲς
1075 1236 1129 1300 καὶ
1153 1239 1209 1318 πρό
1238 1240 1357 1327 τρίτης)

184 1348 331 1411 homines
359 1355 499 1410 metrum
530 1351 562 1407 el
585 1348 807 1431 quantitatem
828 1344 1036 1430 syllabarum
1057 1344 1226 1432 negligere
1247 1367 1359 1434 coepe-

186 1459 283 1526 runt,
307 1450 324 1524 ἢ
352 1443 496 1529 παρεῖδον
517 1448 534 1523 ἢ
556 1457 736 1528 κατασχεῖν
759 1450 820 1528 οὐχ
843 1445 897 1513 οἷοί
919 1450 949 1537 τ’
972 1447 1127 1525 ἐγένοντο,
1155 1452 1196 1513 ού·
1211 1449 1273 1529 γόιρ
1295 1449 1359 1529 ἔχω

184 1554 292 1632 λέγειν
316 1553 468 1633 ὁπότερον.
501 1555 536 1617 ἐῶ
559 1553 589 1617 δὲ
613 1556 699 1617 τοῦτ’
721 1554 752 1616 έν
777 1554 863 1634 κοινῷ
885 1560 1031 1626 σκοπεῖν,
1062 1554 1230 1634 Εὐριπίδης
1250 1554 1358 1634 φησίν.

186 1659 360 1736 Primum,
393 1657 514 1747 inquit,
545 1658 689 1722 vocalem
707 1662 888 1746 ancupilem
911 1658 1088 1746 quamlibet
1108 1681 1167 1722 sua
1187 1659 1362 1723 arbitralu

177 1767 371 1854 promiscue
389 1772 450 1827 aul
461 1762 692 1853 producebant
711 1772 773 1827 aul
792 1765 1038 1854 corripiebant:
1062 1769 1125 1833 τοῖς
1139 1768 1198 1826 τῶν
1216 1763 1362 1843 διχρόνων

182 1867 278 1948 μηδὲν
298 1868 515 1939 διαςέλλοντες
536 1868 712 1948 ἐχρήσαντο
729 1866 849 1947 χρόνοις
870 1867 978 1933 πιόντα
995 1866 1049 1931 καί
1069 1874 1203 1941 σνςολῆς
1225 1869 1361 1933 ε’νταῖιόα

185 1972 238 2037 καί
276 1969 432 2043 ε’κτοίσεως
469 1971 620 2052 μετέχειν
658 1973 940 2049 νομοίετήσαντες,
975 1981 1008 2036 el
1040 1975 1091 2036 sic
1110 1973 1252 2061 placent
1279 1975 1360 2052 sibi,

184 2076 309 2167 inquit,
342 2074 395 2139 καί
434 2074 538 2172 σεμνοί
576 2075 675 2139 δοκεῖν
708 2075 877 2153 βούλονται
911 2078 949 2148 ὡς
984 2074 1129 2156 ἔμμετρα
1161 2076 1360 2159 γρόφοντες,

185 2180 312 2261 όιμετρα
352 2180 390 2250 ὡς
426 2180 546 2254 όληόῶς
581 2177 634 2242 καί
670 2179 765 2255 μηδὲν
800 2182 995 2260 προσήκοντα
1024 2179 1126 2261 μέτρῳ
1161 2182 1360 2262 συνείροντες.

184 2285 333 2363 Deinde,
367 2283 492 2373 inquit,
525 2284 649 2347 malum
681 2287 717 2347 in
745 2283 819 2349 dies
844 2288 991 2373 gliscere
1012 2290 1119 2376 coepit
1147 2296 1197 2366 et,
1221 2288 1362 2375 foedum

167 2389 299 2472 dictu!
325 2389 476 2476 (κίσχύνη
500 2388 552 2451 καί
580 2388 708 2469 γλόττρ
733 2390 827 2453 ταυτί
854 2392 1051 2479 προφέρειν),
1075 2368 1363 2479 νενεκεῖασίκκό,

186 2519 268 2586 quos
297 2492 446 2585 politicos
473 2494 667 2582 appellant,
700 2495 878 2566 annectenda
904 2519 992 2567 τινας
1021 2497 1128 2568 αὐτοῖς
1152 2499 1361 2576 καλουμένους

185 2601 295 2681 τίχονς
330 2603 465 2672 ποιοῦσι,
497 2597 607 2677 μέτρον
636 2597 693 2675 μὲν
723 2594 810 2662 όίπαν
843 2601 873 2686 ἐν
904 2599 1024 2671 τούτοις
1055 2608 1145 2681 λῆρον
1174 2603 1361 2681 ἡγούμενοι,

185 2705 290 2780 τόνους
318 2705 349 2769 δὲ
379 2704 430 2768 δύο
460 2702 530 2783 περί
552 2727 609 2767 πον
638 2703 680 2767 τόν
704 2701 790 2779 μέσα
816 2703 869 2768 καί
893 2704 1040 2777 τὸτέλος
1068 2711 1229 2787 τηροῦντες
1257 2711 1361 2778 καλῶς

186 2808 274 2891 ἔχειν
298 2808 388 2891 σφίσι
412 2808 464 2873 τόν
487 2808 577 2889 ςίχον
596 2806 691 2890 φασί.
742 2806 822 2873 Tum
844 2808 1043 2875 excandescit
1062 2821 1094 2878 et
1114 2810 1146 2875 in
1168 2809 1246 2878 haec
1265 2810 1363 2882 verba

188 2914 344 3004 erumpit:
378 2915 562 2993 Accentus,
590 2913 765 2992 exclamat,
787 2913 910 2989 cicccc,
936 2910 1021 2995 ὦγιῑ
1038 2915 1090 2981 καί
1111 2914 1198 2992 ἥλιε,
1226 2917 1282 2997 πρό
1302 2918 1362 2982 τῶν

186 3021 347 3101 ςοιχείων,
371 3055 416 3069 --
439 3018 538 3101 ι’ίσπερ
558 3022 583 3085 εί
607 3019 701 3091 τόνοις
727 3018 910 3102 ε’γροίφομεν
939 3021 993 3084 καί
1018 3022 1062 3099 μὴ
1087 3019 1270 3101 γροίμμασι.
1307 3021 1363 3087 καὶ

189 3125 244 3201 ἤδη
269 3125 303 3189 τό
325 3124 419 3189 κακὸν
445 3124 629 3201 ἐξενίκησεν.
679 3122 802 3189 Deinde
833 3135 906 3213 post
934 3145 1053 3214 pauca:
1073 3135 1215 3203 ueteres,
1238 3127 1364 3216 inquit,

184 3238 309 3322 poetae
342 3237 532 3294 accentuum
563 3230 689 3294 nullam
718 3235 884 3294 rationem
912 3230 1091 3308 habebant,
1133 3227 1266 3312 όπσνπερ
1304 3238 1364 3296 τῶν

129 3357 133 3363 “
189 3336 360 3414 συλλαβῶν
399 3337 413 3399 ό
450 3336 534 3408 τόνος
567 3338 667 3400 πεσὼν
703 3336 883 3416 ἐτύγχανεν
921 3337 982 3398 οὐδ’
1015 3335 1112 3400 ὁτιοῦν
1143 3335 1363 3417 ε’πεςρέφοντο.

193 3439 359 3512 Tandem.
384 3442 505 3531 inquit,
522 3465 631 3507 omnes
652 3450 778 3506 natura
798 3445 835 3505 in
855 3443 974 3506 vilium
985 3441 1207 3529 procliuiores
1225 3451 1366 3509 metrum

190 3569 282 3612 omne
303 3549 429 3637 procul
454 3550 665 3626 abiecerunt,
698 3555 735 3610 ul
765 3569 807 3611 ne
839 3548 1017 3635 vestigium
1045 3542 1177 3634 quidem
1198 3552 1301 3611 metri
1330 3551 1367 3612 in

191 3675 302 3719 earum
321 3656 472 3720 versibus
495 3662 679 3745 appareat,
701 3662 858 3718 accentus
884 3655 973 3718 solas
993 3662 1186 3741 sequuntur.
1222 3655 1295 3735 πρὸς
1322 3655 1366 3722 τόν

189 3758 284 3840 χείρω
315 3759 433 3834 πιόντες
464 3760 682 3841 εύολισόότεροι
709 3761 743 3825 τό
769 3759 826 3838 μὲν
857 3758 967 3839 μέτρον
990 3762 1028 3849 ὡς
1055 3757 1238 3839 πορρωτοίτω
1264 3757 1368 3836 ἐξετό-

189 3861 305 3941 ξενσαν
336 3866 374 3938 ὡς
404 3867 477 3945 μηδ’
511 3865 597 3946 ίχνος
621 3865 707 3945 παρόν
732 3873 796 3936 τοῖς
825 3863 928 3945 ςίχοις
953 3863 1181 3944 ἐμφαίνεσθαι,
1213 3851 1305 3942 μόνον
1335 3864 1367 3931 δὲ

190 3973 246 4033 τοῦ
272 3969 377 4048 είρμοῦ
405 3973 464 4036 τῶν
487 3969 579 4035 τόνων
601 3971 859 4044 ἀντεποιήσαντο.
909 3968 1056 4058 Denique
1074 3967 1282 4034 metuendum
1302 3992 1369 4038 esse

192 4069 292 4152 dicit,
321 4097 362 4139 ne
393 4074 527 4139 ulterius
552 4085 711 4164 grassante
730 4073 860 4138 licentia
882 4086 1030 4140 accentus
1052 4096 1182 4164 quoque
1203 4075 1369 4164 negligan-

192 4191 246 4246 tur
275 4192 306 4247 et
337 4182 566 4271 quodcumque
597 4180 734 4246 dixerint
763 4204 890 4247 versum
913 4204 980 4246 esse
1007 4181 1190 4247 decernant.
1223 4183 1276 4246 καί
1304 4181 1368 4254 δέος

192 4286 249 4362 dd,
283 4281 406 4369 ὦφίλε
429 4285 586 4368 Νεόφρον,
617 4287 721 4363 μέσον
746 4286 901 4366 προϊόντες
927 4288 980 4351 καί
1003 4289 1055 4352 τὸν
1077 4287 1161 4352 τόνον
1187 4291 1225 4360 ὡς
1247 4291 1286 4354 τὸ
1307 4314 1369 4376 μη-

193 4390 242 4457 δὲν
274 4390 349 4456 όντα
374 4393 412 4456 δι’
438 4390 602 4472 ὀλιγωρίας
629 4391 816 4465 ποιήσωνται
846 4389 898 4454 καί
926 4395 990 4456 ποῖν
1019 4390 1117 4456 ότιούν
1147 4392 1243 4470 λόγον
1272 4398 1369 4458 κῶλον

192 4496 398 4580 ψηφίσωνται
423 4496 514 4577 ςίχον
538 4492 628 4562 εἶναι.
676 4493 715 4559 ld
744 4496 866 4585 ipsum,
901 4494 988 4586 quod
1015 4495 1113 4561 homo
1133 4497 1289 4587 elegantis
1310 4496 1371 4562 dn-

195 4602 316 4674 ctrinae
345 4613 534 4670 eventurum
562 4624 628 4668 esse
657 4600 790 4669 fortasse
819 4626 885 4669 nnn
913 4604 994 4668 serio
1023 4603 1163 4683 dixerat,
1188 4605 1230 4669 ita
1255 4601 1370 4669 evenit.

195 4706 399 4798 Syllabarum
428 4729 579 4774 numerus
606 4730 729 4774 versum
753 4707 849 4788 facit,
877 4732 983 4800 neque
1004 4710 1101 4778 metri
1118 4710 1242 4778 ratione
1261 4707 1372 4774 habita
1444 4736 1449 4745 ·
