3309 5750
804 609 869 673 267

246 806 312 878 urbs
341 804 381 871 ἀν
411 801 513 887 Φάβιν
544 805 788 884 derationare:
820 824 918 893 quem
949 812 1013 867 tam
1038 823 1132 892 saepe
1160 799 1248 866 docti
1276 798 1421 868 homines

243 910 381 978 nimium
409 910 569 1001 patienter
597 912 739 976 tulerunt
766 908 1008 987 soloecismum,
1037 928 1074 972 er
1098 905 1252 972 hocloco
1273 907 1418 974 certatim

243 1018 441 1083 sustulerunt
467 1018 605 1107 reposito
629 1018 876 1096 ἐμποιήσαντας.
926 1010 1097 1101 Magistelli
1122 1008 1419 1102 Constantinopoli-

243 1124 311 1188 tani
340 1122 466 1213 decepti
488 1123 652 1191 'Codicum
681 1122 763 1188 ritiis
783 1119 981 1184 imbiberunt
1004 1118 1187 1208 opinionem
1212 1119 1358 1183 voculam
1376 1118 1415 1183 ἀν

243 1229 325 1293 cum'
336 1228 451 1294 futuris
471 1242 557 1295 recte
574 1228 743 1318 coniungi,
760 1249 957 1317 quamquam
975 1248 1039 1290 non
1061 1224 1246 1290 nesciebant
1263 1248 1334 1290 eam
1349 1247 1417 1291 rem

243 1354 319 1400 cum
349 1334 637 1401 Grammaticorum
669 1346 813 1400 veterum
846 1332 991 1398 doctrina
1023 1354 1184 1422 pugnare:
1218 1332 1232 1394 ὃ
1269 1331 1327 1409 μὲν
1359 1335 1419 1395 τῶν

244 1449 477 1522 γραμματικῶν
507 1443 604 1507 κανὼν
635 1443 688 1507 οὐκ
714 1440 891 1521 ἐπιτρέπει,
925 1439 1012 1521 παρα
1038 1446 1103 1511 τοῖς
1130 1436 1276 1519 ἀρχαίοις
1306 1435 1337 1500 δὲ
1364 1437 1419 1500 οὐκ

244 1544 342 1623 ὀλίγα
371 1545 624 1626 παραδείγματα
644 1545 837 1628 εὑρίσκεται,
858 1544 967 1610 scribit
987 1542 1185 1632 magistellos
1207 1541 1241 1606 in
1265 1540 1420 1608 Brutum

243 1648 424 1728 Anecdotz's
452 1652 519 1732 περὶ
543 1650 718 1728 σνντάἕεως
742 1652 889 1740 imperite
909 1650 1065 1716 nonnulla
1086 1649 1267 1739 scriptitans
1284 1671 1317 1737 p.
1342 1649 1417 1714 127.

243 1752 278 1819 Si
307 1778 404 1844 quern
431 1756 522 1822 lubet
548 1756 654 1823 ridere
678 1755 718 1822 ad
739 1768 873 1846 quantas
894 1756 1029 1846 ineptias
1047 1754 1100 1820 isti
1120 1750 1290 1842 magistelli
1310 1750 1418 1817 delabi

241 1862 425 1951 potuerint,
452 1876 612 1952 quantum
641 1863 785 1928 inscitiae
812 1875 845 1927 et
872 1862 1036 1928 socordiae
1062 1860 1096 1925 in
1122 1859 1186 1924 illis
1214 1870 1280 1923 tum
1303 1858 1418 1935 fuerit,

241 1968 299 2057 qui
329 1968 407 2033 alios
442 1967 594 2035 Graecam
626 1969 768 2058 linguam
793 1981 934 2034 reterem
966 1968 1137 2044 docerent,
1161 1964 1310 2053 inspiciat
1339 1962 1420 2029 mibi

241 2074 339 2138 istum
358 2075 428 2156 περὶ
451 2068 626 2153 σνντάξεαξ
647 2075 806 2142 libellum.
856 2075 915 2141 Vel
936 2074 1009 2141 satis
1028 2073 1089 2139 erit
1109 2070 1279 2162 inspexisse
1300 2094 1349 2135 rr.
1369 2070 1419 2134 al·

241 2184 375 2257 τιῶμαι,
406 2180 598 2259 ἀποδίδωμι,
633 2184 727 2266 αἰτῶ,
755 2182 974 2262 ἀφικνοῦμαι,
1009 2180 1183 2258 ἀμαρτεῖν,
1213 2176 1419 2256 ἀπικείμμαι

243 2296 276 2351 et
306 2282 467 2365 ἀφικόμην
496 2295 528 2349 et
557 2284 710 2375 pudebit,
747 2285 877 2374 opinor,
910 2285 942 2349 in
972 2295 1137 2375 posterum
1166 2282 1223 2346 tali
1253 2292 1332 2347 teste
1361 2279 1419 2345 uti.

243 2391 456 2471 ἀφικνοῦμαι,
480 2388 607 2478 inquit,
637 2394 725 2479 regit
750 2393 935 2478 genitivum
948 2410 960 2466 ,·
987 2411 1069 2454 nora
1093 2400 1125 2452 et
1145 2386 1288 2452 inaudita
1305 2409 1355 2453 res
1375 2396 1423 2450 est

243 2506 276 2560 et
296 2492 431 2559 absurdo
453 2494 490 2559 iis
513 2495 661 2585 quidem,
692 2496 810 2586 quibus
831 2496 918 2586 quod
941 2496 1010 2560 lieri
1031 2516 1096 2559 non
1119 2506 1225 2584 potest
1244 2514 1423 2581 numquam

241 2623 308 2667 esse
338 2599 460 2666 lactum
494 2602 635 2682 videtum
669 2614 700 2667 at
730 2601 878 2692 exemplo
906 2602 1000 2669 istam
1030 2601 1211 2667 doctrinam
1242 2599 1423 2666 confirmat.

241 2705 367 2795 Nempe
386 2707 481 2796 apud
498 2706 631 2774 Dionem
647 2706 793 2773 Oresten
812 2710 898 2798 ¹libro
909 2705 1058 2772 XXXIX.
1079 2707 1164 2796 [cop.
1177 2706 1234 2795 24]
1257 2708 1421 2794 scriptum

241 2820 312 2891 est,
335 2812 460 2901 inquit,
484 2814 633 2881 διαλιπὼν
659 2816 689 2881 δὲ
711 2815 763 2879 καὶ
784 2815 814 2887 ἐς
839 2813 1055 2892 ἀναλογισμὸν
1076 2821 1132 2888 τῆς
1154 2836 1190 2879 τε
1216 2812 1328 2876 ἑαυτοῦ
1349 2811 1421 2892 ἀρε-

240 2927 298 2992 τῆς
327 2919 379 2983 καὶ
406 2926 462 2993 τῆς
486 2925 545 2984 τῶν
572 2919 715 2985 ἐναντίαν
741 2919 856 2991 κακίας
885 2919 1130 3000 ἀφικνούμενος,
1164 2940 1247 3007 quae
1275 2917 1349 2982 satis
1372 2927 1420 2981 est

239 3025 457 3115 adscripsisse,
476 3037 509 3090 et
524 3048 561 3090 er
582 3048 647 3092 uno
668 3024 754 3091 disce
772 3023 888 3089 omnia.
913 3023 954 3089 Et
974 3023 1052 3090 istae
1072 3024 1265 3114 quisquiliae
1283 3033 1421 3089 aetatem

240 3132 383 3197 tulerunt
403 3130 531 3196 nullum
551 3130 652 3196 alium
671 3153 763 3196 usum
784 3128 939 3195 habentes
961 3152 1058 3219 quam
1078 3143 1114 3195 ut
1135 3122 1305 3196 ostendant
1321 3150 1421 3217 quam

239 3237 330 3303 stulti
360 3236 566 3302 Grammatici
586 3237 716 3302 illorum
735 3248 918 3325 temporum
943 3234 1063 3302 luerint
1084 3247 1115 3300 et
1136 3258 1233 3325 quam
1254 3231 1419 3324 depravati

241 3344 304 3408 iam
337 3352 405 3405 tum
432 3340 566 3408 Codices
589 3341 739 3406 Veterum
760 3340 1059 3419 circumferrentur,
1084 3341 1201 3430 quibus
1226 3338 1350 3405 mendis
1369 3336 1420 3401 illi

239 3447 425 3513 ioculariter
441 3447 693 3537 decipiebantur.
741 3446 906 3537 Quidquid
926 3449 1081 3535 scriptum
1101 3458 1165 3522 est,
1182 3445 1419 3545 qualecumque

239 3564 305 3632 est,
332 3548 429 3617 habet
452 3551 549 3619 fidam
569 3563 602 3617 et
621 3551 703 3617 nibil
726 3564 837 3617 contra
858 3563 904 3616 est
926 3551 958 3616 in
980 3573 1039 3616 usu
1059 3563 1091 3617 et
1110 3550 1233 3616 ratione
1255 3549 1419 3616 Graecita-

239 3660 280 3724 tis
310 3657 394 3748 apud
424 3656 500 3721 istos
523 3668 587 3723 tam
608 3659 739 3723 lirmum
758 3668 790 3722 et
815 3669 957 3733 certum,
988 3656 1067 3745 quin
1087 3655 1289 3721 convellatur
1308 3654 1334 3719 si
1355 3675 1419 3742 qua

239 3788 278 3831 cx
298 3786 363 3854 quo
383 3761 504 3829 Codice
524 3764 682 3853 scriptura
705 3763 836 3828 affertur
857 3763 920 3852 legi
941 3763 1106 3829 contraria.
1139 3762 1315 3839 Αἰτιῶμαι,
1338 3770 1418 3825 teste

239 3882 273 3935 et
287 3880 416 3935 auctore
429 3872 646 3935 dumrancuo
663 3867 1035 3959 Constantinopolitano,
1053 3869 1133 3958 regit
1149 3866 1307 3943 dativum,
1323 3887 1415 3931 nam-

240 3994 304 4064 que
315 3974 348 4038 in
361 3973 518 4063 Epistola
532 3976 683 4041 Pulttt’t’t
697 3974 816 4063 legitur
830 3976 1002 4051 airrdtradx
1017 3975 1169 4048 ἀλλήλαις
1186 3971 1324 4063 [lump.
1336 3977 1415 4051 163,

242 4085 293 4145 14.
315 4078 372 4143 ubi
392 4091 478 4143 recte
497 4080 691 4166 ἀλλήλους],
709 4092 741 4145 et
762 4079 807 4145 sic
827 4091 895 4144 toto
916 4079 998 4144 libro
1019 4078 1142 4144 ridebis
1161 4099 1234 4143 eum
1255 4100 1292 4144 ex
1310 4077 1415 4143 mani-

239 4186 319 4252 festa
348 4184 528 4274 corruptela
556 4183 699 4249 insanam
727 4184 906 4252 doctrinam
937 4184 1074 4250 haurire.
1122 4184 1172 4280 De
1192 4183 1350 4274 particula
1374 4181 1414 4246 ἀν

237 4291 318 4382 quid
336 4292 452 4357 sentiat
471 4289 618 4380 (etquid
640 4291 788 4379 aequales
809 4291 965 4356 senserint
984 4314 1021 4355 ex
1038 4291 1097 4355 illo
1112 4290 1330 4379 cognoscitur)
1350 4290 1415 4354 iam

236 4399 467 4489 praemisimus.
501 4397 652 4485 »Maste
669 4405 747 4461 sunt
767 4398 918 4485 exempla
939 4396 1034 4485 opud
1050 4406 1193 4474 νείκει,
1217 4395 1338 4485 inquit,
1359 4396 1417 4459 ubi

231 4505 413 4596 particulo
428 4502 466 4567 ἀν
487 4501 634 4568 adversus
657 4500 909 4566 Grammaticum
929 4523 1085 4567 canonem
1103 4524 1175 4566 cum
1184 4500 1324 4589 fitteris
1339 4523 1416 4563 con·

240 4610 416 4699 ιἰιιισσϋαν”
445 4606 562 4673 deindo
590 4607 735 4699 exempla
765 4606 966 4672 adnumerat:
1000 4606 1198 4685 Δημοσθένης
1222 4607 1254 4668 ἐν
1276 4607 1318 4684 τῷ
1343 4604 1416 4685 πρὸς

239 4713 414 4789 Λεπτίνην·
430 4714 535 4779 οὐκοῦν
555 4714 628 4794 πρὸς
646 4721 777 4786 πολλοῖς
795 4709 841 4785 ais
860 4711 1004 4793 βκάψειν
1023 4709 1062 4777 ἀν
1086 4711 1171 4790 ὑμᾶς
1192 4709 1206 4773 ὃ
1229 4707 1319 4789 νόμοι
1337 4707 1416 4790 φαί-

1155 4826 1185 4864 ac
1195 4813 1211 4844 ⁴
