3309 5750
738 675 801 741 365

181 874 234 939 καί
259 873 381 957 φορτίον
406 872 507 950 ξιίλιιν
529 870 807 954 clodianam-initia
834 877 891 945 τῆς
914 870 1007 947 νεώς,
1036 872 1165 941 Coeles
1191 879 1233 943 τίν
1260 881 1355 945 αὑτοῦ

178 979 273 1054 σκειίν
297 977 471 1043 infeliciter
497 976 691 1055 admodum,
720 999 792 1055 nam
816 998 889 1041 vera
917 977 1014 1044 lectio
1035 994 1081 1046 est
1107 966 1214 1062 λαβὼν
1242 986 1358 1050 ναύτου.

143 1071 146 1075 ’
182 1082 305 1159 σκευιίν.
1075 1129 1077 1134 -

225 1189 272 1254 dd
293 1211 365 1278 pag.
387 1190 459 1251 194.
508 1182 610 1269 Qnam
637 1181 848 1277 incogitantes
872 1187 994 1253 librarii
1014 1191 1219 1257 confuderint
1238 1206 1294 1270 t1,·
1313 1186 1357 1257 λυ

174 1306 206 1359 et
235 1320 260 1374 μ
289 1294 462 1360 luculentis
494 1292 647 1382 exemplis
677 1292 816 1356 ostendit
852 1293 1018 1361 Πιστίου.
1045 1296 1086 1361 ad
1110 1298 1351 1364 Adoniazusas

174 1425 205 1490 p.
224 1403 308 1480 226,
323 1397 389 1465 'ubi
405 1398 528 1465 videbis
546 1394 651 1477 ίμπον
673 1398 826 1488 seriptum
844 1421 911 1464 esse
928 1420 988 1489 pro
1009 1399 1147 1478 ν’ίλυπον,
1172 1403 1273 1469 δειλία
1290 1424 1350 1492 pro

173 1506 286 1582 δεῖμα,
311 1504 446 1586 οίρτνλία
466 1526 526 1593 pro
544 1503 670 1584 ίὶρτυμα
690 1516 722 1570 et
741 1505 940 1585 ἧρτυλιμὲνος
957 1528 1015 1595 pro
1033 1509 1223 1587 ἠρτυμμένος
1245 1509 1349 1595 (ἦρτο-

172 1608 290 1695 μένος).
328 1609 467 1690 Κοίμψαι
496 1620 528 1673 et
546 1610 691 1691 καλύψαι
714 1609 846 1674 confusa
866 1609 939 1675 vide
957 1611 990 1675 in
1011 1611 1154 1677 Ponsom
1174 1614 1348 1679 Adversa·

172 1720 238 1780 riis
253 1739 323 1805 pag.
345 1719 407 1793 64,
433 1716 488 1780 ubi
509 1714 595 1805 quod
616 1717 664 1782 vir
684 1739 826 1782 summus
848 1717 1029 1782 emendavit
1048 1718 1253 1799 ἐπικαλύψας
1280 1720 1348 1781 ε’πι-

171 1820 256 1902 πλόῳ
279 1822 351 1911 (pro
368 1819 573 1908 ἐπικάμψας)
592 1819 708 1885 diserte
726 1822 758 1885 in
777 1822 961 1887 Marciano
980 1820 1100 1888 Codioe
1120 1824 1347 1912 scriptumest.

170 1926 293 1992 Eodem
319 1948 426 1992 errore
453 1924 538 2015 apud
567 1914 768 1994 Satnnottmi
791 1925 848 1992 IX.
870 1952 900 2017 p.
923 1931 998 1994 391.
1022 1927 1097 1991 libri
1119 1926 1271 1993 exhibent
1291 1930 1346 2009 ἐφ’

169 2026 202 2104 ἧς
225 2033 474 2114 παρεπέμπομεν
494 2056 554 2122 pro
575 2034 636 2115 αφ’
657 2030 753 2113 ἧσπερ
771 2034 982 2111 ἀπελίπομεν.
1019 2031 1175 2098 Similiter
1197 2042 1227 2097 N
1248 2045 1280 2097 et
1299 2041 1344 2096 ΛΙ

167 2137 322 2225 permixta
342 2159 409 2201 esse
432 2137 501 2201 vide
523 2140 554 2201 in
575 2135 765 2204 Scnnmmu
783 2137 955 2203 Melelem.-
977 2134 1061 2204 Gru.
1078 2130 1149 2229 pag.
1171 2144 1224 2204 95.
1260 2138 1350 2221 Quid-

169 2264 207 2305 eo
230 2239 360 2305 homino
380 2242 476 2307 facias
497 2241 552 2331 qui
572 2264 630 2329 pro
651 2244 681 2305 ἐν
701 2243 774 2325 ρίδου
793 2243 900 2332 potnit
918 2236 1040 2308 ε’λιοίδου
1062 2245 1223 2310 seribere?
1249 2244 1345 2309 Plura

169 2344 257 2409 dabit
278 2347 413 2412 Bestius
444 2345 619 2411 Commeat.
645 2348 825 2436 Palaeogr.
850 2372 920 2436 pag.
943 2351 1073 2437 723sq.
1153 2376 1158 2385 ·

152 2483 160 2502 ·
220 2448 267 2514 dd
286 2474 360 2541 pag.
380 2454 454 2516 201.
502 2449 604 2541 Saepe
629 2450 763 2529 ἐίλνμαι
790 2463 821 2516 et
851 2452 1027 2541 composita
1053 2455 1084 2517 in
1109 2454 1264 2533 εἴλημμαι
1288 2454 1346 2519 de·

168 2568 297 2647 provata
328 2569 411 2623 sunt.
447 2558 523 2624 >ouo
556 2557 700 2647 exempla
731 2580 768 2622 ex
798 2558 953 2622 Pontice
984 2559 1183 2648 subiungnm.
1231 2544 1346 2624 Editur

167 2662 221 2728 ll'.
245 2666 318 2729 154.
349 2651 447 2746 μίτρα
472 2655 860 2746 ποικίλρρτίρνῗκεφαλδν-
879 2663 1156 2739 κατείληπται
1175 2666 1343 2732 manifesto
1407 2718 1411 2725 .

167 2792 272 2835 errore
293 2791 351 2858 pro
370 2766 575 2843 κατείλιρται,
593 2780 624 2833 οι
645 2768 752 2853 §191.
777 2763 939 2844 ίξυίενδδ
961 2767 1089 2843 τυλιίδει
1111 2769 1200 2849 παρκί
1220 2794 1343 2836 κατει-

167 2876 358 2954 λνρμμὲνον
381 2898 440 2964 pro
461 2875 695 2953 κατειλυμένον.
719 2885 735 2921 ·’
862 2877 864 2882 ’
907 2889 909 2894 ’
1160 2890 1163 2895 ’

213 2981 315 3046 Multa
344 2992 417 3045 sunt
445 2979 618 3060 voeabula,
648 2981 681 3046 in
708 2981 825 3073 quibus
846 2981 967 3046 librarii
986 2969 1122 3048 solemni
1140 2992 1246 3048 errore
1266 3004 1343 3049 eon-

168 3099 334 3153 sonantem
355 3086 520 3178 duplicare
540 3088 657 3168 solent,
687 3100 723 3154 ut
742 3089 775 3154 in
796 3089 910 3183 μέλλει
930 3110 989 3177 pro
1010 3088 1119 3166 μέλει,
1142 3089 1273 3169 κνίσοα,
1296 3116 1343 3156 τι-

167 3192 299 3270 Ostende,
331 3193 540 3274 δι’ἀδρυλλεῖν,
572 3193 751 3276 Kadisenoi,
786 3192 940 3274 Ἐριννύς,
965 3192 1043 3258 eliis.
1096 3192 1281 3283 Numquam
1310 3195 1342 3259 id

168 3299 299 3389 vitium,
329 3297 415 3385 quod
445 3284 556 3375 seiam,
585 3298 659 3387 plus
678 3298 821 3388 caliginis
841 3295 976 3395 offudit,¹
1001 3319 1097 3389 qnam
1117 3297 1148 3361 in
1169 3299 1242 3363 loeo
1263 3300 1343 3365 Dte·

168 3421 253 3469 NYslt
275 3402 393 3466 HALIC.
413 3400 472 3467 ΙΙΙ.
497 3407 545 3467 41.
580 3402 706 3486 δευτέρῳ
734 3407 760 3469 δ’
785 3403 899 3482 ὕςερον
914 3400 976 3466 ἔτει
1002 3401 1100 3466 ποίλιν
1126 3407 1186 3466 τῶν
1213 3406 1342 3482 Οὐηιεν-

165 3514 264 3575 raveto
287 3506 534 3572 καταλυσάντων
560 3507 599 3581 aie
625 3510 812 3584 ἐποιήσαντο
835 3506 909 3586 πρὸς
929 3504 1038 3569 ἀὐτὸν
1057 3507 1179 3586 οίνοχίις
1205 3509 1258 3571 καί
1282 3510 1342 3581 τας

166 3613 292 3685 ἄλλας
321 3612 487 3690 οίξιοιίντιον
512 3596 693 3693 ἀπολαβεῖν
718 3612 844 3691 πόλεις,
868 3609 907 3675 ὧν
926 3611 981 3675 ἐπί·
1000 3611 1159 3688 Ῥωμύλου
1183 3612 1342 3689 βασιλέως

144 3721 234 3799 ,καθ’
258 3709 427 3796 ὁμολογίας
451 3719 616 3795 οίπὲςνρσαν
642 3703 749 3802 ἑτέραν
769 3721 897 3784 τίθεται
913 3719 986 3798 πρὸς
1010 3719 1123 3790 αὐτοὺς
1143 3717 1255 3798 μοίχνν
1273 3719 1341 3800 περὶ

165 3831 237 3894 ταῖς
270 3827 384 3894 ‘Anxie
417 3823 602 3910 (Vaticanus
629 3806 707 3908 Ιπρὸς
735 3825 795 3897 τίις
825 3823 947 3916 ἄλλος)
972 3862 1017 3873 -
1045 3822 1098 3886 καί
1128 3823 1188 3895 τίις
1214 3821 1343 3897 ίιλλας

165 3925 271 3996 πόλεις
302 3927 336 4002 ἐξ
367 3929 480 3994 ἐκείνου
509 3940 661 4012 κατεῖχεν
692 3929 936 4012 οίναμφιλόνιος.
988 3929 1071 3997 Male
1102 3929 1342 4020 duplicatumlt'

167 4030 272 4094 omnio
293 4030 443 4118 perdidit.
485 4034 532 4100 lle
553 4039 677 4102 salinis
696 4036 736 4101 ad
757 4035 898 4100 Tiberim
917 4035 1038 4100 bellum
1060 4034 1122 4099 hoo
1141 4048 1264 4124 gestum
1286 4048 1343 4102 est.

165 4136 313 4200 Veientes
343 4138 476 4202 salinae
504 4141 644 4232 recipere
672 4128 757 4229 (τοὺςΙ
780 4126 893 4227 ditoni
907 4141 1071 4241 ¹volebant,
1088 4163 1169 4204 non
1191 4145 1344 4232 reliquos

165 4240 280 4323 urbes,'
302 4264 385 4333 quae
406 4244 515 4309 nullae
535 4258 635 4313 erant.
684 4247 831 4313 emenda
847 4248 933 4318 τοὺς
958 4245 1060 4317 ίίλας
1080 4246 1246 4324 α’ξιοιίντυν
1263 4251 1343 4314 ιίπο-

163 4350 298 4430 λαβεῖν,
322 4347 360 4415 ὧν
382 4351 432 4416 ε’πί
456 4352 616 4430 Ῥωμύλου
631 4338 873 4425 -οίπὲςκοαν,
898 4348 1057 4430 ἱιιιιιπερδ
1081 4351 1165 4421 τοὺς
1192 4348 1290 4424 οίλας
1312 4361 1344 4415 et

164 4454 216 4518 καί
247 4456 332 4527 τοὺς
359 4455 459 4529 ίίλας
490 4458 525 4535 ἐξ
552 4456 665 4521 ἐκείνου
694 4464 858 4535 κατεῖχεν.
908 4455 1119 4521 Confirmabit
1148 4454 1227 4519 haee
1256 4456 1342 4520 Peu-

167 4578 319 4625 Tmtcflus
348 4561 381 4624 in
412 4561 551 4628 Romulo
573 4583 600 4627 e.
621 4565 662 4626 25
684 4560 723 4626 de
750 4558 866 4626 eadem
883 4586 916 4628 re
936 4561 1076 4627 scribens
1096 4567 1154 4626 τῶν
1177 4561 1264 4639 παροδ
1289 4562 1341 4624 τὸν

165 4666 306 4742 ποταμὸν
332 4664 479 4740 ἕκςοίντες
506 4666 760 4746 οίλοπιρνίοιν,
788 4666 843 4733 sod
867 4669 1007 4759 optimus
1027 4668 1193 4733 fideiussor
1210 4676 1257 4728 est
1276 4663 1342 4753 ipso

166 4770 343 4836 Dtotttsttts
363 4768 403 4836 ll.
423 4771 478 4836 ‘55;
513 4771 599 4844 δίκας
632 4770 832 4851 ίῬαμιίλος
862 4769 1213 4862 αὖτοῑςίίῐειοκίίίνιιο)
1244 4770 1341 4833 ε’πιτί-
