3309 5750
785 635 852 698 3³2

370 829 495 906 τύπτω,
520 826 621 906 παθω,
646 829 775 907 πληγήν
799 829 921 905 δίδωμι.

371 933 524 1011 πατάξω,
551 930 695 1017 (παίσω).

370 1038 521 1115 ἐπάταξα
547 1037 706 1123 (ἔπαισα).

371 1143 538 1221 πέπληγα.

239 1276 355 1342 deinde
372 1278 553 1355 τύπτομαι,
576 1276 728 1356 παθομαι,
752 1276 884 1353 πληγάς
908 1272 1079 1353 λαμβάνω.

373 1383 598 1459 τυπτήσομαι,
623 1380 755 1459 πληγάς
778 1382 935 1460 λήψομαι.
1012 1391 1015 1398 ’

375 1489 506 1567 πληγάς
530 1487 657 1566 ἔλαβον.

375 1594 507 1673 πληγάς
533 1592 665 1675 εἴληφα.

375 1729 553 1809 τύπτομαι,
578 1728 704 1806 πληγήν
728 1723 898 1805 λαμβάνω.

377 1834 582 1912 πέπληγμαι.
773 1822 776 1830 ’

377 1938 596 2016 πεπλήξομαι.

377 2042 531 2119 ἐπλήγην.

379 2150 599 2225 πληγήσομαι.

291 2294 501 2362 Athenienses
531 2318 596 2361 non
622 2306 760 2362 utuntur
787 2296 858 2362 aliis
879 2296 988 2363 formis
1009 2320 1106 2388 quam
1127 2296 1188 2365 his.
1224 2298 1335 2366 Nemo
1354 2322 1414 2365 um·

244 2423 342 2491 quam
361 2400 501 2491 proferet
521 2388 627 2468 unum'
642 2401 766 2477 locum,
787 2402 843 2467 ubi
863 2403 989 2492 legatur
1006 2403 1114 2483 τθψω,
1134 2402 1261 2485 ἔτυψα,
1280 2406 1415 2487 τὲτνφα,

201 2530 206 2538 ·
243 2507 424 2586 τέτνμμαι,
458 2509 613 2591 ἐτθφθην,
644 2509 777 2585 ἕτθπην,
807 2510 1025 2593 πνφθήσομαι,
1051 2508 1258 2599 τετύφωμαι,
1286 2510 1339 2576 vel
1355 2512 1416 2575 ἔτθ·

245 2635 373 2687 πτησα,
398 2611 604 2687 τετθπτηκα,
629 2612 849 2691 τετθπτημαι,
871 2614 1055 2689 ἐτνπτήθην.
1104 2611 1210 2678 Nemo
1243 2615 1328 2681 vidit
1354 2638 1417 2681 um·

246 2740 344 2805 quam
367 2716 451 2807 apud
474 2717 608 2783 Atticos:
634 2716 806 2791 πατάσσω,
829 2716 1065 2797 πεπάταγμαι,
1084 2717 1297 2799 ε’πατάχθην,
1319 2744 1417 2787 πατα-

246 2824 425 2905 χθήσομαι,
462 2824 512 2889 το]
543 2823 706 2895 πέπαικα,
745 2822 946 2903 πέπαισμαι,
987 2822 1156 2900 ἐπαίσθην,
1192 2827 1416 2906 παισθήσομαι.

247 2928 352 2994 Nemo
368 2927 453 3017 apud
469 2927 597 2993 eosdem
615 2925 693 2991 vidit
709 2938 764 2991 aut
780 2926 914 2992 videbit:
931 2930 1062 3004 πλήσσω
1076 2951 1116 2993 au
1129 2931 1285 3010 πλήττω,
1301 2932 1419 3010 πλήξω,
1438 3013 1441 3021 ¹

247 3033 373 3108 ἔπληξοο
394 3045 449 3096 sut
469 3032 627 3112 πέπληχα
647 3043 703 3096 eut
721 3032 922 3111 πλήσσομαι,
940 3033 1140 3114 ἕπληξάμην.
1166 3035 1228 3101 Pro
1251 3035 1303 3102 his
1322 3037 1419 3103 omui·

208 3156 212 3162 ’
250 3137 310 3202 bus
344 3159 453 3203 omues
482 3158 607 3226 semper
635 3148 667 3202 et
698 3134 817 3225 ubique
848 3148 981 3203 utuntur
1009 3138 1049 3219 ¹iis
1078 3138 1191 3206 formis
1218 3142 1317 3222 solis,
1351 3167 1421 3234 quas

248 3244 394 3310 diximus.
660 3297 663 3302 ,

296 3352 392 3444 Apud
426 3350 613 3430 Housuuu,
641 3348 852 3415 Hssonosm
876 3361 909 3415 et
934 3350 1271 3441 omues‚qui10uice
1296 3356 1422 3448 seripse-

251 3471 345 3539 runt,
380 3458 414 3523 iu
446 3479 506 3523 usu
539 3467 614 3522 suut
634 3455 770 3522 formae:
794 3455 902 3536 τιν’ψω,
929 3455 1050 3536 ἔπνψα,
1080 3457 1263 3546 τθτνμμαι,
1293 3463 1423 3538 ε’τθπην,

250 3564 419 3645 έτωψάμην
450 3575 482 3628 et
511 3563 657 3639 πλήσσω,
689 3559 820 3637 πλήξω,
846 3557 987 3636 ἕπληξα,
1013 3561 1213 3639 ἐπληξάμην.
1262 3564 1422 3631 Παπάσσω

253 3668 387 3735 Ionibus
417 3681 464 3734 est
492 3668 683 3746 πάλλομαι,
707 3667 869 3755 palpito:
898 3676 930 3729 at
960 3669 1136 3754 composito
1169 3678 1309 3735 utuntur
1332 3673 1425 3736 ἕκτα·

252 3775 361 3841 τάσσω
391 3798 449 3865 pro
470 3774 656 3847 ἐκπλήτπω,
685 3769 772 3835 uude
794 3767 999 3847 ἑξεπάπαξα,
1026 3768 1286 3849 ἕκπεπάταγμαι
1310 3785 1346 3838 et
1367 3772 1426 3850 ἐξ·

253 3880 428 3960 πατάχθην
458 3876 543 3968 apud
575 3882 688 3965 poe'tas
709 3885 880 3940 occurrunt
899 3895 957 3963 pro
973 3873 1150 3952 ἕξέπληξα,
1171 3875 1425 3958 ἐκπέπληγμαι,

254 3983 469 4061 ἕξετινάχθην.
994 4060 996 4064 ,
1339 4051 1341 4053 .

303 4081 441 4172 Tragici,
475 4080 748 4173 quemadmodum
777 4079 810 4143 in
837 4080 984 4147 omuibus
1011 4084 1130 4163 solent,
1162 4096 1309 4153 ωῑωιοῐωο
1322 4089 1428 4157 formis

254 4189 373 4255 Ionicis
394 4201 425 4254 et
443 4187 557 4255 Atticis
577 4185 661 4250 inter
678 4208 711 4250 se
730 4183 908 4275 permixtis,
928 4187 1045 4276 quibus
1066 4189 1261 4258 addiderunt
1280 4195 1427 4273 ἐπαίσθην

255 4318 314 4386 pro
337 4295 492 4373 ἐπλήγην.
530 4295 721 4358 Auscumus
740 4289 832 4382 Sept.
854 4295 930 4359 961.

411 4402 552 4473 παισθεὶς
577 4399 725 4472 ἔπαισας.
747 4439 785 4450 -
805 4401 844 4466 σὺ
869 4402 895 4466 θ’
919 4399 1022 4473 ἔθανες
1047 4405 1266 4471 κατακτανών.

256 4529 337 4597 quae
365 4505 476 4595 lingua
503 4506 653 4596 populari
685 4506 790 4572 Attica
818 4519 909 4572 eraut
938 4505 1073 4570 dicenda
1103 4506 1136 4571 iu
1164 4506 1253 4574 hune
1274 4509 1426 4577 modum:

253 4611 390 4690 πληγεὶς
423 4610 600 4689 ἐπάταξας.
636 4613 673 4677 σὺ
705 4612 736 4677 δέ
761 4615 795 4691 γ’
819 4614 973 4684 άπέθανες
1002 4613 1204 4687 άποκτεθνας.
1259 4616 1429 4709 singulare

157 4748 160 4754 ·
254 4718 350 4782 estin
374 4716 571 4805 Lysistratus
593 4719 666 4784 459.
689 4719 721 4783 οὐ
747 4717 920 4792 παιήσετε,
940 4727 972 4781 et
993 4716 1026 4782 in
1048 4717 1197 4785 Nubibus
1217 4723 1316 4794 1125.
1335 4724 1429 4801 παιή-
