3309 5750
856 642 921 704 100

292 817 434 886 retinent
458 814 643 897 ὑπεσχόμην
668 814 854 897 ἀποφαίνειν
878 815 934 890 σὺν
954 811 1058 888 ἀλλην
1076 812 1180 878 οὐσίαν
1203 810 1279 891 sed,
1301 814 1386 900 quod
1416 836 1483 883 rcln

295 922 446 1001 coniicit,
470 922 569 987 ἔθεσθε
593 919 682 1001 νόμον
711 958 756 971 —-
779 920 849 993 τοὺς
881 918 1089 992 ἀντιδιδόντας
1112 920 1287 995 ἀλλήλοις,
1312 916 1387 987 ὅταν
1410 923 1484 1001 tpi-

289 1052 406 1103 -σανπες
434 1029 632 1111 ἀποφαίνωσι
657 1027 712 1102 σὺν
737 1026 842 1092 οὐσίαν
866 1023 1062 1107 προσομνύειν
1083 1022 1169 1088 τόνδε
1192 1026 1243 1090 τὸν
1267 1021 1371 1106 ὅρκον·
1396 1028 1485 1093 ἀπο·

291 1133 420 1217 φαίνω
446 1135 502 1208 σὺν
531 1133 637 1198 οὐσίαν
660 1134 716 1208 σὺν
739 1132 899 1210 ἐμαυτοῦ,
923 1130 997 1216 qrris
1025 1149 1177 1214 umquam
1208 1130 1331 1196 audivit
1356 1132 1404 1197 sic
1438 1133 1484 1199 iu·

291 1246 418 1304 nantem
453 1246 510 1303 aut
533 1237 663 1301 Albanis
686 1237 769 1301 banc
792 1256 862 1302 esse
886 1235 1021 1300 lucinam
1043 1234 1253 1300 iurisiurandi
1284 1236 1394 1302 credet
1427 1258 1484 1324 pro

290 1342 470 1427 ἀποφανῶί
509 1341 543 1406 ln
569 1341 722 1408 Hunooou
741 1341 823 1407 libro
840 1341 892 1406 lV.
923 1360 952 1406 c.
980 1344 1041 1405 147
1067 1339 1164 1405 codex
1185 1341 1328 1426 Arclciep.
1351 1343 1483 1410 exbibet

290 1451 346 1515 οὐκ
366 1447 428 1532 ἔφη
448 1446 550 1527 με’νειν
573 1448 650 1513 ἀλλ’
669 1448 931 1514 ἀποπλεύσεσθαι
943 1494 952 1524 ,
974 1445 1029 1510 alii
1053 1444 1126 1509 libri
1150 1447 1405 1514 ἀποπλεύσεσθαι
1431 1448 1483 1514 de·

291 1553 432 1631 derunt,
463 1560 566 1632 μενεῖν
600 1553 790 1630 Srsrunuus,
825 1551 941 1617 melius
969 1552 1151 1617 brunonrrus
1174 1553 1302 1631 μενέειν.
1351 1554 1388 1619 ln
1424 1555 1482 1621 Lu·

291 1680 379 1726 clauo
400 1678 527 1745 quoque
548 1678 610 1723 non
623 1657 741 1724 desunt
761 1657 925 1723 luculenta
945 1654 1110 1743 exempla,
1136 1665 1172 1722 ut
1193 1661 1234 1723 25
1253 1708 1262 1736 ‚
1284 1664 1337 1724 55.
1361 1661 1395 1725 οὔ
1417 1660 1483 1742 γὰρ

290 1765 423 1831 ἀντινοῦν
456 1764 711 1846 ἀποφαίνειν
743 1762 937 1846 συγγραφέα
970 1764 1104 1846 φαμὲν,
1139 1765 1215 1829 ἀλλ’
1252 1764 1482 1841 ὑποδείξειν

294 1871 378 1945 ὁδούς
401 1894 510 1947 τινας,
545 1871 577 1934 in
617 1867 641 1957 §
667 1873 708 1933 54
740 1876 772 1934 et
796 1874 838 1935 55
873 1870 1059 1951 ἀποφαίνειν
1091 1867 1172 1950 φησί
1184 1916 1193 1946 ,
1229 1868 1410 1951 ὑπίσχοιντ’
1439 1870 1478 1937 ἀν

290 1975 478 2059 ἀποφαίνειν
509 1982 541 2041 el
569 1974 649 2040 πολὺ
680 1974 796 2053 ἀμείνω
823 1975 1011 2058 ἀποφαίνειν
1036 1971 1153 2058 ubique
1186 1975 1321 2040 restitue
1352 1978 1483 2060 ἀποφα-

290 2088 352 2147 νεῖν
381 2088 413 2147 et
448 2100 521 2146 mox
557 2080 583 2144 εί
612 2080 646 2153 δὴ
677 2084 821 2145 τοιαῦται
858 2084 1031 2163 φανοῦνται
1065 2098 1120 2164 pro
1152 2078 1328 2161 φαίνονται.
1385 2081 1484 2149 Recte

291 2186 453 2252 Britannus
484 2185 517 2249 in
558 2182 582 2272 S
609 2189 651 2249 54
684 2204 741 2270 pro
774 2184 1005 2268 συγγράφοντα
1041 2181 1129 2249 dedit
1161 2183 1393 2266 σννγράψοντα
1425 2186 1480 2252 sed

292 2289 374 2358 nihil
405 2290 547 2377 proderit
581 2289 681 2355 donec
715 2290 775 2356 δεῖν
810 2290 1008 2377 suppleveris
1043 2298 1115 2375 post
1147 2289 1239 2368 ἥκειν.
1294 2288 1483 2358 Ridiculum

292 2397 408 2462 vitium
446 2395 653 2482 praetervidit
683 2397 715 2460 in
751 2390 776 2473 S
804 2401 859 2461 55.
896 2399 950 2461 οὐκ
983 2397 1014 2469 ἐς
1044 2396 1163 2469 ποίοισιν
1195 2403 1254 2461 σῶν
1290 2395 1483 2477 προσόντων,

292 2523 368 2568 nam
393 2510 502 2568 actum
532 2502 616 2587 agit,
642 2502 698 2586 qui
730 2502 798 2568 vult
826 2510 922 2567 ποιεῖν
945 2502 988 2567 sei
1009 2501 1178 2582 ποοσίνσαε
1203 2499 1336 2566 emenda
1365 2509 1426 2568 τῶν
1447 2504 1482 2568 οὐ

293 2607 473 2691 προσόντων.
531 2607 599 2672 Non
632 2608 741 2673 minus
763 2616 853 2674 certa
884 2627 936 2673 res
968 2616 1017 2673 est
1043 2607 1075 2671 in
1109 2611 1173 2683 57,
1204 2612 1234 2672 1.
1269 2605 1404 2685 ἔμεινεν
1438 2643 1484 2656 -

293 2713 416 2780 ἔσεσθαι
436 2714 489 2780 καί
521 2712 680 2794 ἐκφαίνειν
704 2732 761 2798 pro
795 2715 954 2794 εἰιφανεῖν.
1003 2713 1147 2778 Tertium
1169 2710 1326 2776 indicium
1352 2732 1483 2801 corrup·

290 2818 373 2887 telae
388 2827 439 2886 est
457 2817 588 2886 voculae
608 2817 648 2884 ἀν
676 2818 707 2883 in
729 2819 890 2885 sexcentis
914 2817 991 2884 locis
1016 2819 1129 2885 vitiosa
1147 2817 1293 2884 omissio:
1319 2817 1407 2884 nulla
1431 2827 1480 2886 est

292 2923 426 2997 vocula.
451 2943 534 3010 quae
565 2922 691 2988 facilins
711 2922 904 2988 intercidat:
928 2924 998 2988 eius
1028 2923 1114 2989 salus
1141 2924 1329 3009 saepissime
1349 2944 1368 2989 a
1392 2925 1483 2991 tenui

291 3026 409 3095 lineola
429 3028 609 3115 pendebat,
622 3038 658 3093 ut
679 3027 869 3094 oculatiores
888 3030 985 3094 etiam
999 3079 1008 3104 ,
1023 3049 1119 3115 quam
1138 3028 1262 3094 scribae
1279 3028 1483 3096 describendi

292 3133 436 3201 taedium
460 3135 512 3198 vix
536 3132 742 3209 decorantes,
773 3131 862 3197 dubii
891 3132 1043 3199 haereant
1076 3142 1185 3200 utrum
1209 3144 1408 3203 MAnlcTA
1443 3156 1483 3203 an

292 3225 500 3314 Mnnlch'
511 3244 544 3309 id
566 3253 615 3310 est
643 3242 755 3323 μάιις’
777 3241 993 3330 descriptum
1017 3246 1059 3311 sit
1091 3246 1124 3311 in
1156 3246 1291 3321 Codice,
1319 3269 1416 3334 quem
1439 3256 1485 3315 le·

293 3358 392 3418 neaut
415 3349 573 3417 manibus,
621 3349 795 3415 novissima
820 3347 859 3415 de
883 3349 1039 3416 causacio
1063 3351 1167 3437 perit,
1203 3352 1270 3417 sive
1293 3354 1371 3438 quid
1389 3374 1484 3440 prae.

292 3455 379 3523 cedit
406 3457 474 3523 sive
505 3456 654 3542 sequitur
676 3454 760 3542 quod
788 3475 851 3521 uon
885 3456 1025 3522 multum
1047 3457 1223 3544 discrepet,
1243 3459 1402 3544 particula
1427 3460 1482 3526 ab

291 3562 450 3632 sorbetur.
499 3563 535 3629 ln
559 3561 724 3627 Phaedone
755 3580 787 3648 p.
810 3565 852 3627 el
876 3582 905 3628 c.
931 3582 1024 3628 nemo
1043 3559 1175 3628 oliendit
1200 3564 1233 3629 in
1258 3563 1323 3631 bis:
1350 3568 1377 3631 εί
1397 3566 1430 3632 il
1449 3590 1481 3633 σι

292 3670 498 3751 περὶτούτων
529 3670 688 3750 ἀπορεῒτον
717 3669 762 3746 μίν
782 3668 930 3744 ὀκνήσητε
960 3667 1013 3732 καί
1043 3668 1130 3734 αὐτοί
1159 3670 1258 3735 είπεῖν
1284 3669 1313 3734 εί
1338 3694 1385 3755 erp
1410 3672 1482 3751 ὑμῖν

290 3774 442 3856 φαίνεται
459 3773 587 3853 βέλτιον
605 3773 778 3852 λεχθῆναι,
802 3791 914 3838 omnes
934 3782 1021 3839 recte
1045 3774 1090 3838 ita
1118 3775 1282 3860 accipiunt
1301 3795 1342 3842 ac
1360 3776 1389 3841 si
1403 3776 1482 3857 βίον·

293 3900 357 3944 τιον
372 3876 417 3944 ἀν
438 3879 589 3960 λεχθῆναι
612 3885 696 3943 esset
716 3877 893 3963 scriptum,
916 3876 971 3942 sed
992 3885 1029 3942 ut
1049 3878 1109 3945 hoc
1132 3880 1332 3966 intelligatur
1352 3900 1483 3948 necesse

291 3989 401 4047 estut
428 3984 474 4048 ita
498 3983 668 4048 scribatur.
722 3980 815 4068 Apud
841 3983 1038 4049 Teucrorum
1057 3984 1110 4050 Vl.
1136 3988 1189 4050 il.
1213 3985 1341 4068 νομίζον
1362 3987 1379 4063 ἢ
1404 3988 1485 4054 ἀπο·Ι

290 4086 415 4168 πρέψειν
440 4088 458 4164 ἢ
482 4087 638 4169 μάλιςα
658 4084 753 4160 οὕτως
774 4088 930 4171 ἀσφαλῶς
951 4091 1123 4156 ἐκπλεῦσαι
1147 4099 1224 4156 sunt
1242 4091 1297 4176 qui
1316 4089 1482 4170 αάλις’ἀν

292 4192 481 4278 requirant,
512 4193 629 4280 quibus
652 4193 831 4272 assentior,
854 4193 909 4259 alii
937 4202 1056 4280 nogant
1078 4216 1157 4281 opus
1186 4216 1265 4262 esse.
1314 4195 1406 4263 Scire
1429 4216 1479 4263 vo

291 4296 351 4363 lim
369 4317 410 4363 an
435 4296 532 4366 iidem
557 4301 590 4365 in
610 4298 721 4366 eodem
740 4319 808 4386 cap.
838 4300 872 4364 in
896 4299 1060 4374 verbisne
1085 4301 1102 4378 ἢ
1127 4302 1412 4384 καταςρεψομένοις
1429 4304 1486 4386 ἐφ’.

291 4398 315 4469 ἀ
338 4402 482 4482 teneret
504 4406 586 4473 οὐδὲν
610 4404 648 4471 ἀν
660 4410 842 4488 σφαλεῖσαν
865 4403 1159 4485 modoetiensem
1182 4427 1283 4493 aequo
1307 4409 1417 4474 animo
1439 4408 1481 4474 la·

291 4510 360 4577 turi
395 4510 481 4589 sint,
514 4512 540 4575 si
574 4511 613 4578 ἀν
648 4518 878 4599 removeretur.
926 4511 1018 4595 Piget
1041 4511 1124 4591 lere,
1153 4533 1253 4598 quum
1279 4512 1333 4579 isti
1358 4533 1481 4581 errores

294 4616 591 4703 praestantissimos
624 4626 769 4684 veterum
805 4614 1006 4694 deforment,
1042 4618 1075 4683 in
1110 4617 1242 4685 Lucrino
1272 4639 1326 4686 cos
1354 4619 1482 4695 tollere,

293 4721 347 4787 sed
372 4720 529 4810 defungar
553 4744 617 4790 rum
637 4723 726 4802 loco,
751 4722 835 4789 uude
855 4722 1020 4808 digressus
1043 4743 1114 4789 sum
1142 4730 1201 4804 70,
1225 4731 1278 4791 51.
1307 4724 1361 4792 ubi
1387 4744 1478 4792 nemo
