3309 5750
239 639 336 697 XVIII

240 816 336 915 quod
369 813 530 913 expedite
568 812 698 887 scribae
728 838 799 887 non
825 821 985 912 possent,
1010 821 1052 888 ut
1073 816 1167 915 apud
1188 816 1414 890 Srnnnonnn

237 947 268 1021 Ι.
293 971 329 1045 p.
347 950 391 1032 d,
429 943 492 1017 ubi
522 942 651 1040 legitur
672 948 785 1017 nunc:
817 946 876 1028 εἰς
900 945 948 1020 ὃν.
968 947 1046 1019 καὶ·
1061 947 1103 1033 ἐξ
1121 935 1169 1020 οὗ
1189 946 1262 1031 τὰς
1285 943 1417 1031 δύσεις

237 1075 310 1149 καὶ
328 1074 402 1159 τοὶς
424 1071 618 1157 ἀνατολάς
638 1081 815 1146 ποιεῖται
830 1077 893 1169 pro
915 1083 1082 1147 ποιεῖται
1100 1076 1127 1152 ·ὁ
1146 1074 1263 1164 ἣλιος.
1301 1073 1415 1151 Quid·

238 1202 326 1300 quid
346 1201 455 1300 igitur
476 1209 530 1274 est
550 1199 771 1286 huiusmodi,
797 1206 834 1273 et
853 1225 1043 1299 permagna
1064 1209 1117 1276 est
1139 1201 1277 1299 ubique
1285 1201 1411 1300 copia,

120 1427 122 1431 v
238 1329 317 1428 quis
339 1354 509 1427 umquam
527 1328 727 1401 emendabit
747 1328 814 1400 nisi
835 1329 884 1415 is,
911 1330 973 1426 qui
993 1329 1056 1402 diu
1076 1338 1113 1403 et
1136 1330 1288 1438 multum
1306 1328 1412 1402 libros

237 1463 448 1535 Graecorum
475 1481 583 1531 manu
604 1455 747 1553 scriptos
774 1455 906 1529 triverit
929 1464 991 1530 aut
1015 1457 1185 1531 Codicum
1211 1456 1321 1529 ricem
1345 1457 1410 1530 Pa·

236 1586 483 1689 leeographicis
512 1583 810 1658 observationibus
838 1584 988 1678 aliorum
1013 1584 1251 1683 suppleverit?
1288 1586 1409 1661 Quan-

236 1728 316 1797 tum
347 1717 392 1789 sit
419 1716 455 1787 in
490 1740 531 1789 ca
555 1736 592 1786 re
615 1712 699 1787 boni
718 1712 898 1810 discipulis
919 1713 1007 1787 meis
1030 1713 1151 1786 sedulo
1174 1713 1409 1788 demonstrare

238 1845 330 1920 soleo
359 1850 395 1916 et
411 1842 490 1922 ,hac
521 1841 742 1940 potissimum
772 1840 818 1913 de
850 1866 959 1915 causa>
984 1841 1048 1915 has
1080 1843 1209 1915 Varias
1232 1842 1411 1915 Lectiones

238 1969 577 2073 coepi-conscribere.
627 1969 771 2042 Institui
795 1969 880 2042 haec
905 1969 1058 2067 primum
1082 1970 1209 2069 scripto
1230 1970 1423 2057 mandare,

240 2098 423 2176 aremius
436 2097 656 2197 quibusdam
687 2097 774 2170 meis
790 2094 937 2195 gratum
961 2097 1108 2171 facerem
1130 2096 1352 2195 rogantibus,
1374 2106 1415 2171 ut

240 2227 308 2305 sibi
323 2226 460 2327 'aliquid
479 2227 689 2325 impertirer,
713 2224 808 2324 quod
827 2226 864 2298 in
881 2224 1041 2299 Diarium
1060 2225 1312 2324 Philologicum
1326 2227 1414 2299 reci·

237 2356 361 2459 parent
379 2355 425 2430 de
442 2357 628 2429 Musarum
646 2362 765 2429 matre·
775 2354 994 2430 nominatum
1009 2362 1045 2427 et
1064 2354 1255 2428 etiamalio
1273 2355 1413 2429 nomine

239 2484 376 2573 Musis,
400 2491 442 2557 ut
465 2482 603 2582 opinor,
635 2506 705 2556 non
733 2482 930 2581 ingratusne
952 2480 1083 2562 deiude
1104 2483 1236 2581 reliqua
1259 2481 1297 2553 in
1322 2482 1416 2556 dulci

238 2614 419 2688 Feriamm
453 2611 523 2685 otio
547 2610 683 2708 perfeci.
734 2609 861 2708 Delegi
883 2610 1165 2708 operisiormem
1190 2609 1415 2683 strationem

240 2739 458 2827 huiusmodi,
480 2747 521 2811 ut
544 2743 682 2837 possem
706 2737 799 2813 horis
825 2722 1015 2814 subsecivis
1035 2745 1092 2825 et,
1117 2738 1255 2837 siquid
1275 2738 1415 2814 deretur

239 2868 374 2956 otii,'et
394 2868 645 2964 interrumpere
663 2866 768 2940 telam
793 2872 828 2940 et
850 2865 1036 2955 redordiri,
1060 2865 1159 2940 facile
1185 2866 1413 2941 intermittere

239 2998 441 3072 institutmn
458 3018 564 3091 opus,
586 3000 622 3065 et
640 2991 685 3066 ad
702 2991 770 3066 alia
785 2994 946 3082 transire,
968 3001 1003 3068 et
1023 3019 1153 3069 novum
1167 3003 1413 3095 argumentum

239 3125 429 3223 attingere,
449 3127 491 3194 et
500 3119 654 3218 digredi,
680 3119 793 3194 sicubi
813 3121 1008 3212 videretur,
1032 3124 1263 3223 aproposito,
1284 3132 1320 3198 et
1338 3150 1412 3198 om·

239 3252 341 3340 nino,
365 3273 476 3348 quum
497 3247 602 3320 vitam
625 3254 699 3321 tem
722 3257 927 3346 occupatam
946 3259 982 3326 et
1000 3251 1185 3325 exercitam
1208 3253 1412 3326 muneribus

113 3449 115 3452 Α
238 3377 457 3457 Academicis
500 3375 670 3464 habeam,
718 3375 866 3452 liberum
916 3386 953 3453 et
991 3381 1211 3479 expeditum·
1242 3380 1414 3454 scribendi

238 3532 354 3609 genus·
379 3505 483 3604 sequi
506 3503 663 3603 placuit,
699 3512 740 3580 ut
771 3506 815 3580 de
854 3507 972 3582 rebus.
995 3509 1059 3583 diu
1083 3509 1298 3585 etmultum
1322 3508 1409 3580 mihi

237 3638 321 3712 olim
352 3634 529 3733 perpensis
563 3657 641 3706 meo
664 3632 834 3708 arbitratu
854 3635 960 3707 etiam
985 3635 1104 3706 minus
1124 3628 1409 3730 otiosus-aliquid

239 3763 475 3863 scriptitarem.
525 3762 665 3836 Interea
690 3761 877 3834 Muranum
903 3761 1136 3862 Anemriaou-
1161 3767 1198 3833 et
1221 3760 1410 3839 Lucrinas

236 3893 424 3983 Berisum¹
439 3888 654 3987 prodierunt,
713 3884 809 3960 Usus
847 3865 938 3962 sum
963 3888 1029 3963 hac
1062 3890 1258 3980 occasione,
1301 3900 1339 3964 ut
1371 3893 1410 3966 in

237 4027 388 4114 utroque
408 4017 654 4104 ostenderem,
680 4014 766 4114 quid
783 4012 970 4099 ⁴interesset
988 4017 1080 4096 inter
1099 4020 1236 4095 Atticos
1258 4028 1294 4099 et
1307 3991 1409 4099 ,atti-

238 4147 379 4234 ustas,
394 4152 435 4218 et
462 4145 558 4219 aliud
582 4169 658 4218 esse
683 4140 884 4236 ’ᾼττικιςί
899 4146 1061 4236 scribere,
1078 4149 1182 4233 ,aliud
1210 4149 1413 4239 Ἀττικῶς,

238 4297 345 4373 quam
364 4297 452 4346 ‘rem
482 4271 581 4346 effeci
595 4333 598 4377 ἶ
611 4274 850 4372 magisquam
873 4275 1020 4373 perfeci,
1045 4278 1128 4376 quia
1149 4302 1243 4353 nunc
1265 4280 1412 4377 quidem-

239 4402 323 4476 satis
352 4397 429 4474 esse
451 4401 564 4473 visum
583 4397 784 4501 est-paucis
807 4398 888 4481 reus¹
900 4407 1090 4491 ostendere
1107 4415 1144 4480 et
1159 4409 1314 4486 aliorum
1334 4415 1410 4480 stu·

239 4531 310 4605 dia-
324 4528 477 4603 excitare
488 4523 664 4626 imprimis
678 4530 902 4622 iuventutis,
925 4541 1015 4632 quae
1039 4531 1126 4632 quid
1153 4536 1199 4608 sit
1220 4526 1360 4610 rectum
1376 4543 1412 4607 et

240 4680 377 4734 sanum
394 4663 430 4730 ct
461 4655 642 4755 egregium
677 4657 727 4733 iu
743 4715 746 4719 -
762 4661 894 4758 optime
927 4663 1053 4738 sentire
1078 4671 1123 4739 et·
1141 4665 1413 4739 animadvertere·

240 4785 627 4885 subnectemus
651 4796 687 4863 et
708 4782 820 4889 aegris
841 4800 876 4867 et
899 4792 1031 4868 vitiosis
1045 4784 1322 4894 componuntur,
1352 4794 1414 4871 -In
