3309 5750
790 655 853 728 ³71

394 857 426 923 τί
449 852 498 924 οὖν
522 857 617 923 πλέον
641 862 810 937 ποιοῦμενς
836 856 932 922 οὐδέν.
958 859 975 933 η
1000 856 1085 934 λύπη
1108 858 1135 923 δ’
1158 858 1226 940 ἔχει

396 960 497 1044 ὥσπερ
520 962 563 1028 τοὶ
587 962 694 1044 δένδρα
716 968 807 1028 τοῦτο
831 962 965 1044 καρπὸν,
991 963 1034 1027 τοὶ
1057 962 1187 1044 δακρυα.

193 1118 199 1127 -
237 1065 417 1158 Respondit
436 1067 538 1133 lector
558 1067 673 1159 aliquis
693 1067 794 1145 οὐδέν,
819 1065 907 1157 quod
928 1088 1121 1158 quamquam
1142 1067 1250 1158 inepte
1270 1069 1416 1135 abundat
1491 1159 1496 1166 .

239 1185 272 1240 et
301 1195 427 1260 tersum
455 1173 599 1262 iugulat,
628 1186 737 1237 tamen
758 1194 856 1237 nemo
875 1193 968 1237 ausus
990 1185 1038 1238 est
1057 1173 1234 1240 eliminare.
1278 1173 1417 1241 Difficile

239 1290 288 1345 est
317 1279 385 1343 sine
412 1280 477 1344 risu
496 1280 601 1369 legere
620 1279 654 1344 iu
675 1277 819 1343 Stuuffl
837 1278 1000 1369 Ftonteg.
1018 1277 1075 1344 Ν.
1096 1283 1137 1345 47
1159 1291 1319 1347 oratorem
1336 1278 1417 1347 haee

238 1385 418 1452 dieentemt
450 1390 540 1451 τοῦτο
577 1385 639 1467 γαρ
676 1388 778 1450 αὐτῶν
812 1384 865 1449 καὶ
897 1383 988 1463 ριίνον
1012 1395 1051 1468 τῇ
1076 1385 1249 1467 προαιρέσει
1271 1386 1417 1469 πρόσεςιν

238 1490 358 1570 οῖηαίίν
382 1487 480 1580 [ὅπερ
519 1491 564 1561 ret
598 1490 730 1571 ριὲγιςον
767 1491 827 1554 τῶν
857 1490 974 1577 κακῶν]
990 1486 1058 1555 ’ἔτι
1087 1489 1162 1571 περὶ
1182 1486 1221 1554 οἷν
1244 1491 1417 1573 πράττουσι

239 1602 342 1669 κακῶς
372 1595 426 1661 καῖ
456 1595 741 1679 παρρησιαζονται,
781 1596 982 1687 importunus
1014 1594 1210 1677 monachus,
1243 1608 1280 1661 ut
1310 1595 1419 1675 rides,

242 1724 331 1767 suam
361 1702 552 1767 sententiam
579 1701 775 1792 interponit,
800 1703 887 1792 quod
912 1704 1039 1794 saepius
1059 1706 1093 1769 in
1116 1716 1253 1795 utroque
1274 1702 1420 1770 Stoum

241 1831 338 1900 opere
357 1809 480 1874 factum
498 1819 555 1874 est.
603 1808 864 1875 Admirabundus
884 1810 1000 1901 aliquis
1018 1810 1192 1903 adscripsit
1206 1811 1245 1877 ad
1265 1808 1419 1901 pulcher·

239 1916 356 1981 rimum
387 1916 495 1981 looum
527 1913 667 1982 Tuuttls
698 1914 736 1981 V.
757 1918 799 1981 67
824 1938 895 2005 pag.
924 1919 1004 1995 162,
1029 1915 1086 1982 ubi
1111 1917 1258 1983 morituri
1279 1914 1419 1982 Socratis

239 2021 417 2087 constantia
434 2018 598 2085 laudatur:
619 2016 675 2102 ίροι
692 2021 813 2101 σχολὴν
829 2021 883 2085 καὶ
898 2022 1055 2089 παιδείαν.
1079 2019 1178 2101 ἡμεῖς’
1191 2023 1222 2087 δὲ
1240 2022 1300 2088 κίον
1318 2020 1418 2086 ἄλλοι
1460 2100 1467 2110 ·

237 2127 352 2207 ίδοροεν
374 2123 594 2206 πεφρίκααεν,
618 2134 742 2214 etpost
762 2146 865 2214 pauca
886 2125 980 2206 rexti—
1002 2130 1037 2205 γ’
1052 2127 1096 2193 ἂν
1117 2127 1170 2193 καὶ
1197 2130 1282 2207 ἡμῶν
1309 2151 1358 2200 τις
1379 2124 1419 2191 ἂν

241 2228 416 2310 κοιμηθείη,
448 2239 481 2291 et
511 2228 544 2290 in
577 2228 642 2293 fine
673 2225 728 2308 ὅρα
755 2230 913 2294 παιδείαν.
961 2230 1060 2321 Apud¹
1089 2233 1276 2298 Drouuswot
1299 2231 1419 2298 flutio.

241 2335 284 2401 II.
308 2338 353 2400 13.
375 2332 477 2397 scriba
500 2330 780 2423 Constantinopoli
801 2332 968 2423 adscripsit
987 2333 1001 2400 ὃ
1025 2336 1078 2400 καὶ
1099 2339 1125 2402 οἱ
1144 2343 1195 2402 νῦν
1217 2338 1417 2413 κατέςησοιν,
1455 2386 1459 2396 .

241 2464 324 2533 quae
342 2439 438 2505 rerba
456 2438 592 2528 pessime
611 2439 762 2504 Dlosrsu
782 2439 959 2504 orationem
979 2440 1117 2506 mediam
1138 2441 1303 2506 dirimunt.
1344 2439 1419 2506 Nou

240 2548 346 2614 miuus
364 2546 570 2637 perspicuum
591 2557 638 2611 est
661 2544 749 2613 vtss.
771 2533 814 2611 49
834 2545 875 2609 ab
895 2545 1004 2635 aliquo
1024 2547 1124 2612 sciolo
1140 2570 1207 2613 esse
1223 2546 1420 2636 adscriptum

244 2654 362 2743 [ἱκανὸν
389 2651 599 2733 παράδειγμα
630 2651 683 2721 καὶ
719 2652 861 2739 οῖκεῖον],
898 2650 985 2740 quod
1014 2652 1150 2718 mirifice
1170 2652 1277 2718 locum
1300 2652 1419 2718 turbat.

243 2760 282 2825 In
314 2759 515 2826 Pturuucm
541 2762 627 2823 vitis
645 2781 761 2849 magne
781 2748 1012 2828 emblematum
1034 2760 1125 2849 eopia
1147 2759 1289 2849 legentes
1308 2757 1419 2823 ludifi-

243 2877 343 2933 catur.
390 2863 555 2932 Nonnulla
583 2886 769 2956 expromere
795 2864 902 2930 iurat:
935 2864 971 2930 iu
1003 2864 1126 2932 Theseo
1156 2889 1225 2957 cap.
1256 2868 1297 2931 18
1324 2861 1420 2931 κατέ-

239 2973 349 3054 βαινεν
380 2968 454 3054 ἕκτη
486 2971 580 3050 μηνὸς
622 2971 688 3060 [ε’π)
718 2970 898 3058 ίοίλασσαν]
919 2958 1071 3050 Ιἱεαρνίνου
1097 2977 1334 3053 Μουνυχιῶνος,
1358 2993 1419 3064 po·

241 3079 345 3143 tuitue
374 3075 513 3166 ineptius
541 3098 639 3166 quam
665 3075 733 3142 illio
755 3075 879 3142 inseri?
904 3099 974 3167 oap.
995 3082 1050 3145 35.
1081 3079 1182 3162 ἐζήτει
1206 3079 1277 3152 τοὺς
1301 3079 1418 3160 οὶγροιδρ

239 3183 439 3261 ἀπολαβεῖν,
465 3193 500 3246 ut
522 3182 608 3273 apud
627 3183 876 3249 Duuosruuuuu
898 3184 1093 3249 ostendimus
1117 3186 1217 3268 ἐζήτει
1237 3197 1349 3250 natum
1370 3196 1418 3250 est

241 3310 278 3354 ex
310 3287 406 3369 ζηιτει
437 3286 470 3351 id
498 3299 545 3352 est
574 3291 690 3372 οῖπητει
719 3300 756 3354 et'
780 3288 1027 3379 expungendum
1055 3300 1102 3354 est
1130 3291 1322 3368 ἀπολαβεῖν.
1378 3287 1418 3355 Iu

239 3393 394 3482 Lycurgo
422 3414 492 3483 cap.
523 3396 554 3458 2.
585 3392 757 3472 γενομέναν
789 3394 821 3459 δὲ
853 3395 957 3475 ὁρκίων
994 3395 1191 3484 [ὁμολογιῶν]
1224 3406 1257 3460 et
1286 3417 1354 3486 cap.
1386 3401 1417 3463 3.

240 3501 311 3572 τοὺς
341 3498 372 3561 δὲ
394 3499 453 3562 τῶν
479 3499 619 3580 ὀρφανῶν
647 3497 833 3587 [βασιλέων]
859 3499 1042 3580 ἐπιτρόπους
1066 3498 1307 3578 Λακεδαιμόνιοι
1326 3509 1418 3582 Προ-

241 3603 353 3676 δίκας
386 3601 550 3685 ὠνόμαζον.
600 3601 638 3667 In
668 3601 788 3668 Solone
814 3625 885 3694 oap.
915 3607 968 3671 28.
996 3605 1048 3686 ἐφ’
1077 3599 1145 3667 ὅσον
1171 3602 1319 3680 ἐξικνεῖτο
1348 3605 1416 3694 [καὶ

241 3711 369 3783 δυνατὸς
406 3705 455 3796 ἦν]
494 3718 534 3792 τῇ
565 3715 652 3793 φανῇ
690 3708 924 3792 φίεηξοίμενος.
972 3709 1009 3774 Iu
1042 3707 1262 3775 Themistocle
1289 3731 1358 3801 eep.
1386 3714 1418 3778 6.

241 3816 294 3880 καὶ
326 3821 434 3880 τοῦτον
471 3815 537 3902 [καὶ
569 3814 689 3896 παῖδας
720 3814 831 3902 αὐτοῦ]
860 3814 914 3879 καὶ
945 3814 1045 3894 γένος.
1089 3812 1125 3879 Si
1151 3812 1279 3879 dubitas
1297 3817 1417 3881 confir-

241 3919 342 3986 mabit
365 3932 397 3985 te
420 3921 658 3988 Duuosrnuuus
687 3945 718 4012 p.
742 3924 815 3987 122.
870 3919 954 3988 ibid.-
977 3941 1048 4011 cap.
1074 3923 1115 3984 12
1145 3921 1208 3985 οὶπδ
1234 3926 1288 3986 τοῦ
1314 3945 1417 3988 κατα·

241 4026 402 4105 ςρώροατος
437 4024 560 4113 [riveriae
593 4035 650 4103 τῆς
681 4027 766 4115 νεὼς]
795 4026 999 4106 διαλέγεσθαι
1024 4037 1056 4092 et
1076 4047 1145 4116 cap.
1168 4029 1209 4095 14
1228 4028 1258 4090 ἕν
1280 4026 1416 4115 [τραγῳ-

240 4129 304 4219 δία]
336 4130 483 4213 Πέρσαις.
531 4131 568 4196 In
598 4132 732 4199 Pericle
763 4140 832 4225 cup.
869 4137 910 4200 13
942 4133 1028 4200 male
1063 4133 1170 4200 editur
1202 4133 1238 4200 iu
1272 4131 1416 4201 Gutum

241 4235 439 4329 fragmento:

465 4389 479 4454 ί
504 4388 736 4473 σχινοκέφαλος
761 4390 839 4462 Ζεὺς
863 4385 914 4455 ὅδε
937 4388 1145 4472 προσέρχεται

466 4494 635 4577 Περικλέης
658 4493 781 4575 τῴδεῖον
804 4494 856 4559 ἐπὶ
881 4492 936 4560 τοῦ
959 4494 1081 4575 κρανίου

466 4597 547 4681 ἔχων
571 4601 676 4676 ἐπειδὴ
698 4599 867 4681 τοῦςρακον
890 4599 1092 4683 παροίχεται.

242 4763 325 4828 male
354 4761 507 4831 Murrum
523 4764 578 4854 κὁδί
601 4781 632 4833 et
657 4766 670 4830 ὃ
694 4764 864 4847 Περικλέης
889 4767 983 4837 metri
1007 4767 1108 4836 fulcra
1133 4765 1266 4835 addidit.
1314 4764 1413 4858 Lege:
