3309 5750
862 659 965 747 asu¹

307 865 408 951 βοᾷς,
444 858 530 953 quod
558 854 673 924 ίοικιιεΙ
692 854 843 921 Comicus
873 851 981 917 neseio
1000 847 1086 941 quis
1108 850 1232 916 effinxit
1250 873 1290 917 ax
1306 855 1490 944 'proverbia

307 972 385 1037 αὐτὸ
407 970 481 1051 βοᾷ.
1154 978 1158 981 ⁴

351 1075 390 1139 ln
413 1068 583 1138 Tmaride
603 1071 664 1146 41,
690 1069 742 1132 12.
762 1064 828 1130 οὐδὲ
852 1060 903 1127 ἐπὶ
925 1061 996 1133 τοὺς
1017 1061 1137 1139 κώμους
1159 1061 1288 1139 άπῆγεν
1304 1060 1486 1146 ἔπιάιίτθν,
1522 1091 1523 1095 ’

305 1176 403 1272 paulo
435 1176 549 1242 melius
577 1174 611 1238 in
639 1172 709 1238 aliis
733 1173 852 1247 ἐπῆγεν
880 1164 935 1232 sed
965 1165 1139 1256 genuinum
1163 1177 1210 1230 est
1229 1168 1396 1245 ἐπήγετο,
1417 1167 1483 1238 ’σου

306 1284 392 1350 enim
413 1282 506 1347 aliter
527 1301 622 1369 quam
643 1276 819 1355 ε’πάγεσθαι
839 1285 871 1338 et
889 1272 1094 1353 περιάγεσθαι
1115 1270 1266 1336 dicebant
1286 1271 1329 1339 de
1347 1296 1406 1355 en,
1431 1278 1484 1367 qni

306 1390 445 1455 amicum
472 1396 528 1451 ant
546 1384 682 1449 amicam
704 1380 853 1446 comitem
878 1378 947 1444 riae
966 1389 998 1443 et
1017 1378 1138 1443 itineris
1156 1400 1263 1443 seeum
1284 1378 1398 1461 ducit,
1422 1406 1482 1449 non

306 1488 439 1574 ἐπάγειν
467 1501 522 1556 aut
543 1489 715 1571 περιάγειν.
742 1485 813 1551 ride
837 1490 897 1564 13,
923 1489 974 1551 12.
1007 1484 1116 1549 loram
1136 1484 1174 1550 ad
1197 1506 1331 1551 coenam
1353 1478 1482 1555 euntem

306 1598 502 1676 ἐπαγόμενον
534 1598 605 1668 τοὺς
634 1594 751 1666 ἄλλους
785 1593 888 1666 θεούς,
923 1604 955 1657 et
983 1592 1028 1656 sic
1058 1613 1151 1681 saepe
1169 1590 1255 1681 apud
1278 1614 1414 1660 omnes·
1448 1594 1483 1660 ln

308 1705 326 1789 §
350 1704 402 1768 16.
421 1708 529 1782 Κρῆτα
545 1698 703 1763 νεανίσκον
724 1695 801 1763 cod.
824 1696 862 1763 Δ.
882 1697 1018 1761 νεανικθν
1037 1709 1068 1762 et
1085 1696 1268 1786 saepissime
1287 1698 1371 1763 alibi
1385 1700 1482 1773 -ίσκος

308 1818 340 1872 et
358 1804 436 1875 -ικθς
461 1801 721 1880 confunduntur,
743 1813 779 1866 ut
800 1807 901 1879 5‚ss.
921 1803 1104 1882 σαφρονικίς
1121 1814 1152 1867 et
1171 1802 1400 1885 σαφρονίσκος,
1427 1809 1482 1885 45,

308 1914 363 1976 20.
390 1908 508 1980 κυνικθς
533 1919 565 1972 et
582 1909 733 1979 κυνίσκας.
765 1906 931 1991 Admonet>
951 1906 1183 1973 tinomaus
1202 1907 1324 1995 gratia,
1343 1908 1377 1973 in
1395 1911 1484 1977 cuius

308 2016 491 2081 Hellem'cis
516 2009 574 2075 III.
596 2028 644 2075 111.
672 2014 702 2076 4.
725 2034 893 2102 perperam
914 2012 1031 2100 legitur
1048 2008 1134 2086 οὗτος
1155 2014 1181 2077 δ’
1203 2008 1320 2093 ἦνκαὶ
1346 2016 1383 2079 πθ
1407 2012 1483 2091 εἶδος

308 2119 464 2190 νεανίσκος
485 2117 538 2181 καί
558 2117 613 2186 τίον
631 2119 741 2197 ψυχὴν
757 2119 902 2200 εθριιςος,
925 2118 980 2181 ubi
1000 2129 1085 2182 certa
1102 2114 1328 2182 emendatione
1346 2117 1482 2187 rescribo

308 2222 456 2293 νεανικθς.
498 2214 643 2285 Ginadon
675 2232 742 2285 erat
766 2243 898 2312 corpore
917 2220 1051 2286 robusto
1070 2232 1102 2286 et
1121 2232 1226 2300 vasto,
1252 2232 1287 2285 ut
1308 2221 1350 2287 de
1371 2246 1412 2289 eo
1430 2248 1484 2316 per

308 2331 372 2397 rim
402 2325 632 2417 prehendendo
664 2325 905 2415 diligentissime
940 2323 1067 2415 Ephori*
1096 2326 1237 2390 caverint
1262 2337 1295 2390 et
1325 2330 1483 2405 νεανίσκος

309 2434 348 2503 nd
377 2444 512 2499 aetatem
534 2432 672 2498 refertur
689 2433 759 2520 (τὴν
783 2433 942 2518 ἡλικίαν),
968 2454 1034 2496 non
1055 2430 1254 2496 ad-fnrmam
1272 2433 1420 2522 eorporis
1437 2433 1484 2523 (τθ

309 2536 412 2627 εἶδος).
444 2535 535 2602 Idem
552 2537 663 2603 sitium
684 2538 717 2601 in
739 2537 892 2602 Buxuuut
911 2535 1130 2625 Aneed.1.'p.
1151 2540 1233 2615 365,
1252 2539 1281 2600 8.
1297 2539 1483 2616 άκμαῖοςι

309 2645 481 2727 νεανίσκος,
514 2646 673 2724 σφριγῶνι
702 2641 873 2706 dubitasne
902 2640 1038 2714 νεανικθς
1067 2641 1251 2731 reponere?
1284 2640 1322 2705 lu
1344 2644 1440 2727 542.
1460 2648 1505 2719 εί,

309 2751 363 2816 καί
404 2746 521 2827 θάκους
559 2770 605 2812 σοι
644 2746 720 2811 δέκα
759 2747 821 2823 δοίη
861 2770 909 2819 τις
954 2748 1247 2826 καταριθμήσασθαι
1286 2748 1483 2826 άναμθτοιις,

310 2855 432 2944 corrige
466 2851 634 2936 άνιιμθτιρ,
669 2854 821 2918 inaurato
856 2853 927 2918 titi.
960 2854 978 2937 §
1005 2854 1058 2916 54.
1092 2849 1150 2921 ἱθςε
1188 2850 1275 2917 πάνυ.
1305 2843 1483 2936 ἐπονοῦντο,

311 2963 462 3028 usitatum
485 2967 532 3021 est
552 2955 685 3022 θπθνονν.
708 2963 797 3046 855.
817 2957 1015 3021 ὑποτελέσειν
1037 2995 1083 3008 -
1106 2958 1336 3039 χειρώσασθαι,
1364 2962 1485 3053 corrige

311 3069 474 3134 ὑποτελεῖν
501 3061 547 3114 .².-.
567 3064 782 3142 χειράσεσθαι.
807 3062 825 3145 §
850 3062 936 3126 60.-θ
966 3063 997 3126 δὲ
1022 3061 1147 3140 κάμνων
1172 3063 1235 3126 άπθ
1261 3067 1315 3126 τοῦ
1337 3067 1486 3145 τραύμα-

311 3168 370 3244 πος
397 3179 428 3233 et
458 3178 530 3258 post
556 3186 656 3255 pauca
684 3167 788 3246 χιιιιθς
814 3168 878 3234 ε’ςιν
908 3167 971 3231 άπθ
1001 3172 1055 3231 τοῦ
1085 3163 1487 3263 τραθματοςεὶιρίτοίοίῳιο

312 3271 448 3340 emenda
469 3272 526 3354 ὑπὸ
541 3275 598 3335 τοῦ
618 3271 818 3351 τραύματος,
841 3282 877 3335 ut
899 3271 932 3336 iu
950 3277 968 3359 §
988 3274 1041 3352 61,
1062 3274 1128 3337 οὐδὲ
1147 3271 1257 3341 ἑςάναι
1278 3275 1407 3341 ἐδύνατο
1428 3280 1486 3346 ὑπὸ

311 3382 368 3455 τῆς
389 3378 510 3453 trevas..
532 3374 629 3441 Sedet
647 3376 727 3442 siris
740 3377 842 3443 doctis
862 3376 994 3468 perinde
1013 3400 1080 3442 esse
1099 3390 1207 3442 utrum
1227 3377 1293 3442 άπθ
1311 3403 1352 3444 an
1371 3383 1433 3450 ὑπθ
1454 3386 1487 3451 in

312 3483 437 3550 talibus.
460 3482 634 3561 scribarum
662 3505 806 3574 namque
833 3484 894 3549 άπθ
924 3484 956 3547 in
986 3482 1094 3548 multis
1114 3483 1205 3548 libris
1220 3494 1285 3563 est,
1312 3485 1346 3549 in
1364 3491 1488 3578 optimo

314 3590 351 3658 A.
367 3591 403 3656 in
424 3589 529 3680 priore
549 3589 621 3654 leco
642 3590 705 3655 άπθ
725 3596 779 3655 τοῦ
798 3590 996 3672 τραύματος,
1018 3591 1152 3680 legitur,
1173 3591 1205 3655 in
1224 3591 1326 3657 altero
1348 3595 1408 3660 ὑπὸ
1433 3602 1488 3662 τοῦ

275 3711 277 3716 ’
312 3697 505 3778 τραύματος.
553 3693 663 3758 Nostri
691 3706 737 3761 est
757 3696 880 3785 ubique
900 3696 1022 3760 arbitrii
1042 3720 1078 3762 ex
1101 3697 1287 3763 Graecitatis
1313 3700 1439 3768 ratione
1458 3715 1489 3768 et

312 3824 373 3867 usu
392 3800 534 3889 singulos
554 3800 641 3864 locos
661 3802 875 3880 constituere,
899 3799 1000 3891 quum
1021 3824 1058 3868 ea
1079 3804 1118 3869 sit
1139 3804 1390 3871 describentium
1408 3807 1491 3874 leri-

312 3918 381 3984 tas,
402 3905 456 3972 sed
481 3905 521 3971 de
545 3927 584 3970 ea
611 3927 645 3969 re
668 3929 740 3969 mox
764 3906 869 3995 plura.
918 3905 995 3989 Quis
1016 3907 1155 3999 denique
1174 3910 1309 3974 miretur
1328 3911 1491 3989 διεξέπεσε

313 4010 425 4076 solere
439 4011 578 4099 irrepere
592 4032 657 4098 pro
678 4009 878 4086 διεξέπαισε,
904 4012 961 4075 ubi
981 4012 1094 4079 viderit
1113 4020 1131 4102 §
1152 4018 1205 4080 61.
1227 4037 1285 4103 pro
1302 4013 1382 4095 ἔφθη
1409 4017 1492 4087 διεκε

313 4115 433 4186 παίσας
456 4114 489 4178 in
513 4113 641 4204 optimis
660 4124 692 4177 et
713 4113 941 4202 antiquissimis
961 4138 1028 4180 esse
1048 4117 1236 4191 διεκπὲσας,
1263 4118 1349 4183 uude
1371 4121 1490 4187 sciolus

313 4220 348 4284 in
373 4217 453 4285 uod.
471 4214 751 4292 Α.,,διεκπετάσοις4
765 4219 871 4285 effecit
894 4223 1072 4287 sententias
1096 4232 1250 4293 securus.-

316 4323 563 4415 .³=.'Quicumque
595 4323 725 4413 scripsit.
752 4324 887 4392 lucium
915 4332 987 4392 sive
1015 4329 1159 4394 Asinum
1193 4328 1359 4417 aliquanto
1390 4332 1490 4397 serius

314 4453 411 4520 quam
440 4430 612 4496 anmuus
640 4431 720 4496 vixit
745 4444 778 4497 et
800 4434 981 4501 Graecitate
1005 4434 1105 4499 utitur
1121 4431 1491 4522 aliquanto‘deteriorffi

313 4537 414 4603 multa
441 4538 642 4627 negligenter
667 4535 713 4603 et*
727 4537 863 4629 plebeiis
885 4537 1262 4627 erroribusscriptitans,
1286 4563 1323 4604 ex
1347 4563 1413 4629 quo
1434 4565 1490 4632 ge·

281 4681 285 4688 ·
313 4665 389 4712 nere
417 4663 519 4711 unum
547 4644 710 4735 specimen
736 4666 823 4712 nune
844 4644 988 4717 attulisse
1007 4645 1067 4710 erit
1088 4644 1163 4710 satis
1182 4669 1220 4712 er
1240 4649 1310 4732 §--4.
1333 4645 1425 4726 ἦρετθ
1447 4635 1490 4726 με

312 4748 446 4829 τίς-μὲν
473 4747 545 4820 ἔται
572 4752 592 4826 ἡ
619 4755 670 4817 νῦν
693 4773 749 4830 μοι
776 4751 840 4824 tute
870 4749 923 4816 καί
950 4752 976 4816 εί
1002 4749 1123 4827 πάσαις
1147 4751 1291 4840 (θπθσαις
1306 4751 1489 4840 Rutulus)
