3309 5750
878 626 920 687 69.

302 832 381 889 χειν.
406 845 452 860 -
472 808 527 872 οὐκ
553 803 690 893 [ὀλίγαις
710 801 786 889 οὐδ’]
810 800 1042 883 εὐαριθμήτοιςε
1068 797 1114 863 itti
1137 800 1296 885 exquisite
1327 804 1490 885 εὐαρίθμη·

301 937 357 987 τος
377 919 501 1000 ponunt
535 930 592 996 pro
625 909 741 986 ὀλίγος.
781 904 804 995 8
831 911 861 971 tt.
885 905 993 970 πολλοὶ
1025 905 1305 981 καθηδυπαθνὶσαςι
1329 907 1492 995 Egregius

304 1039 381 1085 sane
402 1015 633 1101 Ἀρεοπαγίτης
662 1015 719 1100 qni
746 1012 863 1077 bonam
886 1018 1008 1097 partem
1039 1011 1226 1095 patrimonii
1252 1030 1328 1077 enm
1348 1013 1420 1079 istis
1444 1015 1491 1080 di·

305 1123 461 1211 lapidasse
483 1122 622 1198 dicitur,
654 1118 806 1185 namhoc
829 1124 880 1181 est
896 1115 1131 1190 καθηδυπαθεῖν.
1178 1115 1341 1200 legerim:
1365 1119 1492 1185 πολλοὶ·

304 1253 351 1304 αις
368 1230 567 1307 ἡδυπαθήσας
590 1229 659 1306 μεθ’
680 1230 782 1305 ἡμῶν,
812 1221 898 1308 quod
920 1240 1116 1307 quamquam
1147 1241 1210 1286 non
1233 1230 1283 1287 est
1307 1224 1492 1307 gravissimi

301 1334 460 1400 senatoris
479 1341 588 1399 tamen
610 1332 734 1419 llagitio
757 1336 845 1396 earet
866 1335 898 1394 et
917 1327 1006 1413 turpi
1029 1326 1207 1413 opprobrio.
1227 1367 1271 1378 -
1289 1328 1491 1411 ἐτίμτρασοε

306 1446 428 1505 veteres
450 1438 672 1520 ἐνεπίμπρατο.
700 1437 737 1502 ln
758 1434 882 1500 ultimis
904 1436 943 1507 ῶς
963 1431 1003 1498 ῶν
1023 1431 1322 1518 reprehendendum
1336 1441 1369 1500 et
1390 1433 1446 1501 ι”σα
1459 1444 1492 1503 et

307 1544 542 1625 ῶταχθιθημον.

343 1649 446 1735 Epist.
459 1653 514 1715 44.
549 1647 680 1730 κατέχοι
703 1652 757 1714 τοῦ
782 1643 893 1719 cissos:
918 1643 1070 1710 θναοοιιιιι
1096 1650 1146 1710 est
1172 1644 1207 1710 τὸ
1227 1640 1311 1719 sev,
1332 1651 1370 1708 ut
1392 1644 1488 1712 κατέ·

298 1776 369 1836 χειν
391 1754 428 1819 πθ
450 1752 582 1833 θέατρον.
607 1790 653 1804 -
675 1755 767 1818 πῶοα
789 1751 874 1831 αὐτῷ
897 1748 1072 1830 salapia
1098 1751 1116 1824 ἡ
1154 1748 1255 1813 sisic:
1293 1746 1333 1814 de
1365 1749 1486 1832 ῶνέιρχε

297 1878 356 1946 pro
382 1856 534 1941 ῶνθρκσαι
558 1858 711 1924 diximus.
758 1855 826 1922 Non
850 1853 1047 1920 laudamus
1073 1852 1103 1917 ei
1127 1860 1237 1937 patere
1265 1852 1408 1933 dicitnr,
1430 1856 1488 1923 snt

298 1984 520 2051 υννορυοαρυο,
549 1962 658 2049 itaque
687 1980 834 2048 expunge
857 1957 1043 2025 articulum.
1080 1956 1104 2046 S
1130 1962 1161 2023 3.
1191 1958 1277 2041 τύχη
1300 1959 1364 2041 γὰρ
1398 1960 1488 2043 παρὰ

299 2067 428 2136 πῶνπαε
452 2066 523 2135 dele
544 2067 825 2154 praepositionem.
873 2065 910 2131 In
935 2063 1141 2151 proverbium
1165 2062 1262 2130 abiit:

526 2174 611 2255 τῶχη
631 2172 675 2239 τοὶ
698 2176 809 2248 θνητῶν
829 2170 999 2254 πράγματ’
1018 2172 1072 2236 οὐκ
1090 2168 1261 2247 εὐβουλίαν,

526 2278 629 2344 Vitem
649 2279 730 2365 repit
747 2282 889 2367 fortuna,
913 2297 974 2341 νιοοι
999 2274 1161 2360 snpientia.

342 2384 445 2471 Epist.
469 2387 524 2451 415.
557 2386 770 2450 ἐπανελθοῦσα
793 2388 848 2450 ποῶ
871 2382 1065 2461 σνμποοθουι
1095 2378 1208 2465 supple
1229 2378 1264 2444 ἐκ
1284 2384 1339 2445 τοῶ
1364 2404 1483 2461 ουμπο·

299 2490 376 2558 cios.
397 2517 444 2540 ....
465 2488 608 2575 πόρθησιν
621 2492 746 2568 insessis:
770 2487 853 2554 nihii
874 2487 995 2554 certius
1014 2488 1134 2571 Rursus!
1153 2484 1339 2551 coniectura
1365 2491 1484 2566 καινήν.

300 2595 367 2686 85.
390 2595 525 2664 ποθτιονε
547 2595 640 2662 codd.
663 2596 777 2663 τούτων
801 2595 850 2669 εἰ,
873 2594 905 2660 id
930 2604 977 2662 est
997 2591 1134 2659 τουτονί.

343 2702 446 2788 Epist.
469 2706 523 2767 46.
547 2706 586 2777 ῶς
611 2704 768 2783 εὐτυχῶςε
800 2700 910 2766 malim
934 2704 973 2774 ῶς
995 2701 1131 2778 εὐτυχῶ.
1152 2733 1197 2745 —-
1223 2696 1486 2782 Τραπεζθχαρονι

297 2805 443 2893 analogia
469 2807 610 2894 postulat
636 2805 900 2890 Τραπεζοχῶροιν.
937 2802 1156 2887 παραληφθεὶς
1190 2802 1241 2869 tort
1277 2803 1397 2870 δεῖπνον
1420 2807 1485 2890 τὲρ-

296 2935 387 2979 πεινε
419 2932 436 2979 e
466 2913 651 2978 Latinitatis
680 2910 970 2977 rationedictum:
1005 2931 1115 2975 οοοαοο
1145 2908 1326 2976 astitum:
1360 2911 1483 2993 τέρπειν

296 3036 424 3104 quoque
458 3017 622 3084 Graeculis
661 3015 804 3081 debetur.
837 3053 883 3065 -
915 3015 1143 3099 φιλονεικεθοιςτ
1176 3012 1245 3100 iege
1279 3019 1483 3099 Φιλονεικίας.

295 3120 374 3211 84.
399 3123 589 3189 Πιθακθυναε
620 3123 746 3206 corrige
766 3121 968 3187 Πιθακνθανα.
997 3160 1042 3173 -
1063 3119 1261 3197 ῶνέτληαενι
1285 3123 1389 3207 poetis
1412 3133 1483 3191 crat

294 3225 543 3313 relinquendum
566 3246 624 3314 pre
651 3225 862 3308 ῶνεσχθμεθα.
886 3262 931 3275 —-
955 3234 1012 3302 τῆς
1037 3224 1229 3306 εὐτυχούσης
1253 3227 1389 3310 ἡμέραις
1412 3229 1483 3297 hre-

296 3331 370 3398 vius
392 3331 489 3398 Attici
510 3342 567 3410 τῆς
590 3334 766 3415 εὐημερθας.

340 3437 443 3525 Epist.
464 3443 518 3505 47.
541 3440 623 3506 οὐδὲν
646 3438 759 3505 δεινθνι
783 3436 846 3525 leg.
870 3438 952 3504 οὐδὲν
975 3435 1015 3504 ἂν
1035 3436 1139 3503 δεινῶν.
1159 3475 1205 3487 -
1223 3439 1320 3520 ῶιορθα
1341 3447 1397 3515 τῆς
1415 3464 1484 3507 νυκ-

294 3542 361 3619 cir:
395 3544 491 3610 Attici
521 3551 580 3611 τῶν
608 3551 732 3611 νυκτῶν.
756 3580 801 3595 ·-·
824 3543 951 3610 ἓαντθνι
987 3541 1133 3623 ἐμαυτόν.
1166 3540 1190 3630 8
1216 3546 1246 3609 2.
1277 3543 1481 3613 διεσπῶσθοιιε

296 3648 402 3715 scribe
424 3650 628 3717 διασπῶσθαι.
653 3648 721 3737 85.
746 3650 958 3732 κατεκρθβηνι
982 3647 1085 3713 ferma
1104 3648 1234 3732 sequior
1257 3667 1315 3735 pro
1334 3653 1482 3733 κατεκρῶ·

294 3756 386 3837 φθην.
416 3793 462 3807 -
489 3755 574 3833 λέγω
599 3753 797 3840 imprudenti
820 3752 941 3820 excidit
971 3772 1028 3838 pro
1052 3750 1178 3835 γράφοι.
1214 3751 1238 3841 8
1265 3758 1295 3819 4.
1320 3754 1366 3830 νηὶ
1396 3758 1482 3823 λθειν

292 3859 454 3941 μελλοθσρ
477 3859 521 3923 τῶ
553 3861 729 3940 πρυμνήσια
758 3859 952 3942 ποριτυχῶντ
987 3856 1083 3923 Attici
1105 3863 1179 3923 ναῶν
1201 3858 1377 3939 ἀνοίγεσθαι
1401 3863 1481 3941 μέλ·

291 3978 407 4029 λουσαν
438 3965 653 4042 καταλαβών,
676 3964 839 4049 imprimis
861 3966 1034 4047 περιτυχών
1059 3963 1199 4031 ioculare
1222 3972 1281 4032 est.
1310 4002 1356 4017 -··
1375 3969 1411 4034 τὸ
1434 3969 1479 4036 τί·

293 4091 408 4148 μημαε
432 4066 515 4134 maie
533 4089 591 4155 pro
613 4069 668 4144 την
691 4070 795 4148 τιμῶν.
825 4069 899 4158 85.
924 4076 1066 4136 τοσοῦτον
1084 4107 1131 4121 —
1151 4072 1208 4145 ῶςι
1231 4072 1326 4138 scrib.
1344 4071 1410 4143 ὅς’.
1434 4112 1480 4127 -

293 4174 345 4239 καὶ
378 4174 546 4254 κεχρῆσθαι
570 4175 769 4256 παρατίτοιςι
799 4194 996 4262 quamquam
1023 4174 1171 4241 Graeculi
1194 4179 1313 4263 passim
1340 4179 1479 4247 abutun-

291 4288 347 4345 tur
364 4276 515 4366 periectis
537 4279 716 4361 κέχρημαι,
735 4279 879 4362 ἔσχηκα,
905 4280 994 4357 aliis,
1017 4287 1126 4346 umen
1144 4283 1277 4363 χρῆσθαι
1297 4286 1477 4370 genuinum

291 4403 361 4450 esse
390 4382 539 4451 arbitror.
560 4426 607 4438 -
635 4387 855 4452 ῶσαναλῶσαε
891 4405 930 4452 ex
961 4385 1063 4471 ipsius
1097 4387 1257 4454 sententia
1280 4397 1312 4455 et
1343 4391 1476 4458 consilio

292 4491 504 4557 καταναλῶσαι
529 4490 770 4557 rescribendum
792 4499 851 4557 est.

333 4595 435 4683 Epist.
461 4601 514 4663 ts.
540 4594 598 4676 ἦγε
622 4597 807 4676 σοαπθσιονε
845 4617 907 4662 uon
931 4595 1051 4664 dicitur
1074 4602 1110 4662 ut
1134 4593 1225 4675 ῶγειν
1249 4602 1372 4682 ἑορτήν,
1397 4627 1472 4683 σχο-
