3309 5750
864 658 930 750 ace

307 852 544 922 fabulabantur.
592 850 676 917 Hinc
706 873 821 941 magna
854 852 957 918 oritur
986 853 1147 919 conlusio:
1177 851 1277 919 morlo
1316 853 1426 921 Attica
1452 854 1484 920 in

307 964 458 1029 Lucum
483 970 656 1051 apparent,
689 956 786 1022 modo
813 956 953 1024 ἰδιωτικοὶ
980 958 1082 1023 multa
1107 958 1295 1025 audiuntur.
1346 959 1483 1026 Afferam

305 1068 450 1158 exempla
476 1088 579 1158 pauca
606 1064 646 1129 de
666 1062 786 1128 multis.
836 1062 879 1128 Ut
898 1062 1080 1153 saepissime
1100 1064 1235 1145 ἔρχομοοι
1257 1066 1422 1145 occurrit,
1441 1067 1482 1131 sic

305 1197 369 1241 non
400 1174 506 1239 miuus
536 1193 630 1261 saepe
660 1192 717 1259 pro
738 1167 874 1249 ἔρχομοοι
897 1168 1019 1233 ridebis
1038 1166 1103 1249 εἶμι
1124 1169 1258 1235 maleet
1280 1171 1483 1261 negligenter

305 1281 461 1372 positum,
488 1291 524 1343 ut
546 1282 608 1357 49,
631 1279 685 1342 36.
707 1274 816 1340 πολλοὶ
842 1274 982 1339 σννίοισιν
997 1313 1043 1325 -
1057 1276 1206 1350 οέπίοισιν,
1230 1299 1291 1367 pro
1319 1258 1482 1359 σννέρχον·

305 1408 359 1451 τοι
375 1422 420 1434 -
433 1384 645 1464 ἀπέρχονται,
666 1379 763 1470 paulo
782 1384 890 1467 ante§
911 1383 962 1446 15.
975 1374 1104 1459 διέξειμι
1120 1381 1269 1447 futurum
1287 1394 1356 1461 est,
1378 1387 1480 1468 τοῦτο

306 1492 361 1567 ἤδη
393 1513 441 1554 σοι
474 1488 603 1566 διέξειμι
630 1498 663 1551 et
688 1497 760 1576 post
786 1507 888 1575 panca
910 1491 927 1573 §
951 1490 1005 1554 38.
1028 1487 1252 1561 ἐπελεύσεσθαι
1273 1498 1429 1578 apparet,
1451 1497 1478 1551 et
1539 1561 1543 1575 Ι

306 1617 400 1688 saepe
420 1594 654 1676 perstreperent
675 1598 765 1672 ut7,
791 1596 842 1659 18.
875 1594 932 1669 10,
956 1598 996 1669 5,
1021 1595 1052 1659 2.
1087 1594 1144 1670 10,
1171 1596 1228 1673 to,
1267 1597 1407 1672 13..25,
1429 1595 1478 1658 27.

306 1708 367 1782 66,
395 1708 437 1769 38
458 1699 514 1764 ubi
535 1698 659 1763 Atticus
678 1698 805 1777 μέτειμι
826 1697 1020 1787 scripsisset3
1044 1698 1088 1763 sic
1109 1698 1195 1764 male
1215 1698 1478 1778 ἐπεξελεύσεσθαι

306 1809 424 1899 legitur
444 1811 502 1884 44,
529 1807 580 1870 16.
600 1817 632 1870 et
652 1804 765 1895 passim
789 1803 835 1868 sic
853 1815 992 1869 erratum
1013 1814 1071 1870 est.
1101 1804 1283 1904 ‘Vitiosum
1299 1815 1348 1869 est
1371 1802 1478 1869 eodern

306 1908 435 1979 n'omine
456 1914 514 1987 69,
532 1912 574 1973 23
594 1908 799 1986 μετελενςὲον
816 1931 875 1997 pro
894 1910 1036 1988 μετιτέον
1056 1909 1106 1974 rel
1127 1910 1325 1988 μετιτνπέον.
1358 1908 1475 2000 Imper-

306 2020 428 2085 fectum
458 2017 520 2098 ῄειν
541 2035 635 2103 saepe
655 2012 808 2092 recurrit,
824 2012 887 2077 sed
910 2018 949 2092 4,
974 2018 994 2079 4
1014 2014 1149 2104 pessime
1169 2017 1212 2088 εἰς
1239 2024 1356 2102 χεῖρες
1374 2020 1473 2096 μικροῦ

307 2127 370 2192 δεῖν
396 2122 510 2202 ῄρχετο
535 2118 691 2191 πολλάκις
713 2117 869 2208 scripturn
889 2129 946 2185 est.
993 2108 1108 2187 Nescio
1128 2143 1185 2186 cur
1202 2120 1477 2189 flrasrrrnmms

311 2230 370 2307 rt,
404 2229 423 2291 7
455 2232 514 2314 pr'o
542 2225 670 2305 ἐπανῄει
700 2224 798 2290 πάλιν
825 2225 1229 2314 τεεσιίρεειίῑ’ἐτοονῄειν,-
1249 2228 1343 2317 quod
1377 2242 1479 2295 ornnes

308 2342 508 2423 receperunt.
557 2327 760 2394 inconsulto:
793 2331 888 2396 rerba
922 2343 995 2396 sunt
1024 2332 1110 2410 μετὰ
1132 2327 1247 2398 ,δ’σῦν
1280 2334 1339 2407 τῄν
1367 2335 1477 2416 ἐπῳδὴν

307 2439 373 2522 τρὶς
408 2437 447 2502 ἄν
479 2460 538 2516 μου
569 2435 641 2516 πρὸς
680 2435 755 2525 (leg.
785 2437 842 2526 εἷς)
874 2438 908 2502 τὸ
938 2436 1097 2518 πρόσωπον
1131 2436 1325 2509 ἀποπτύσας
1355 2438 1475 2519 ἕποονῄει

309 2544 407 2611 ποέλιν
439 2541 547 2608 οὐδέννο
581 2545 641 2604 τῶν
677 2542 887 2607 enarrarem
921 2542 1139 2622 προσβλέπων.
1188 2540 1390 2630 Recipienda
1419 2554 1479 2608 turn

308 2648 439 2715 demum
461 2647 521 2712 erit
545 2646 649 2735 prima
667 2668 820 2735 persona,
844 2668 944 2736 quum
972 2643 1141 2736 quisquam
1166 2645 1388 2713 serio‘credet
1408 2651 1479 2714 οξτο·

308 2753 434 2827 πτύσοορ
454 2754 488 2817 in
512 2750 573 2816 hoe
596 2750 669 2815 loco
692 2754 972 2841 »absolute‘peni
981 2749 1479 2840 μνονὶποππύσοιντοςνοίὲπειδῄ

306 2859 496 2925 οὶπὲπτνσε”
527 2868 563 2921 ut
583 2856 862 2923 Enusrnnnusrns
882 2856 1056 2935 festinans,
1079 2851 1191 2934 credo,
1210 2854 1347 2946 scripsit.
1397 2858 1482 2925 Anti-

305 2986 393 3054 quae
420 2963 541 3028 formae
572 2973 645 3025 sunt
674 2958 732 3043 ῄοο,
769 2963 893 3044 ῄεισθοο,
926 2962 971 3043 ῄει
1000 2961 1079 3045 (ῄειν
1104 2972 1178 3024 aute
1205 2961 1384 3050 reculam),
1417 2975 1480 3031 turn

305 3067 409 3154 ῄμεν,
445 3066 500 3150 ῄπε
521 3078 553 3131 et
573 3064 665 3148 ῄσονν.
703 3063 855 3131 (lumbis
874 3065 985 3130 formis
1006 3063 1127 3154 ubique
1146 3066 1268 3132 scribae
1287 3067 1482 3161 bellumge·

305 3185 387 3240 runt
413 3184 444 3238 et
473 3173 535 3256 ῄειρ
558 3182 738 3261 reponunt,
763 3172 889 3254 ῄειμεν,
912 3173 995 3255 ῄειτε
1015 3182 1047 3237 et
1066 3172 1172 3254 ῄεσοιν.
1222 3175 1480 3267 uara-quaedam

313 3281 449 3371 vestigia·
473 3291 506 3345 et
535 3277 654 3343 indicia
683 3277 797 3344 reteris
820 3299 894 3343 usus
913 3288 1084 3368 apparent,
1107 3289 1144 3343 ut
1164 3277 1196 3342 iu
1215 3281 1367 3362 caeteris,
1392 3284 1483 3350 sicet

311 3389 345 3454 in
374 3387 535 3454 Lucrmo.
583 3384 673 3449 Libri
706 3384 740 3450 iu
773 3388 834 3463 38,
870 3388 910 3449 18
940 3384 1061 3449 variant
1087 3382 1121 3449 in
1148 3384 1291 3466 ἐξῄειμεν
1321 3401 1354 3454 et
1377 3389 1483 3471 ἔξιμεν

307 3493 524 3584 superscripto
553 3518 588 3567 ν,
624 3501 660 3555 ut
677 3490 790 3573 ε’ξῄμεν
811 3491 948 3556 coluisse
967 3490 1132 3556 bominem
1152 3506 1318 3581 appareat:
1339 3506 1482 3580 ποορῄμεν

304 3611 446 3666 ‘acutam
474 3598 548 3663 tulit
570 3599 630 3675 26,
655 3599 690 3674 7,
714 3597 923 3685 quamobrem
945 3608 1089 3686 suspecta
1109 3608 1184 3661 sunt
1203 3596 1347 3679 ἐξῄειμεν
1370 3605 1434 3679 34,
1453 3605 1482 3666 5.

308 3707 464 3788 ἀπῄειμεν
497 3706 555 3780 46,
589 3705 641 3766 27.
670 3703 841 3783 κοιπῄειμεν
872 3707 931 3781 66,
955 3708 1009 3768 35.
1033 3702 1067 3767 in
1088 3714 1152 3768 tarn
1174 3702 1338 3793 frequenti
1358 3718 1392 3771 et
1409 3729 1482 3797 pro·

309 3809 385 3885 clivi
413 3806 672 3898 interpolatione.
720 3805 829 3871 Exstat
859 3811 979 3890 προῄεις
1005 3811 1066 3887 66,
1094 3813 1107 3873 1
1130 3831 1189 3898 pro
1213 3813 1382 3893 προῄεισθοο
1402 3811 1483 3878 anti·

193 3965 201 3973 .
309 3916 473 4004 quiorumr
500 3911 612 3978 eodem
638 3909 716 3976 ritio
738 3905 771 3984 ἦς
791 3935 851 4001 pro
872 3908 950 3986 ἦσθον
971 3912 1089 4000 legitur
1108 3917 1168 3993 38,
1192 3919 1211 3978 3
1233 3926 1264 3979 et
1293 3919 1351 3996 10,
1382 3905 1483 3999 16,'3

309 4026 420 4092 συνῆτε
450 4018 643 4084 dissentiunt
672 4016 748 4080 libri
778 4023 836 4097 10,
860 4022 895 4097 7,
923 4022 950 4083 1.
978 4019 1010 4082 in
1037 4027 1138 4100 παρῆς
1159 4031 1191 4085 et
1209 4025 1372 4103 ποορῄσθοι,
1401 4037 1485 4092 reete

238 4121 241 4125 ’
309 4125 436 4208 ῄδεισθοο
462 4125 617 4214 scriptum
647 4133 693 4187 est
723 4125 785 4200 65,
810 4127 842 4190 9.
891 4123 928 4188 Ιι]
957 4125 1125 4216 participio
1146 4151 1216 4191 raro
1236 4129 1383 4218 peccavit
1398 4131 1486 4211 ,sed

310 4240 419 4294 tamen
446 4230 610 4312 ἐρχόμενον
643 4228 672 4295 ei
700 4229 817 4295 excidit
847 4234 905 4310 29,
938 4235 981 4297 23
1008 4243 1040 4297 et
1065 4233 1281 4314 προερχόμενον
1309 4239 1346 4315 8,
1372 4241 1433 4319 20,
1457 4245 1488 4322 5,

313 4334 455 4424 Antiqua
485 4336 612 4403 dicendi
641 4336 842 4403 *consuetudo
862 4338 896 4403 in
915 4337 964 4405 bis
982 4351 1048 4404 tam
1068 4351 1144 4404 nota
1164 4350 1287 4404 crater
1308 4346 1487 4436 praeceptis

305 4453 343 4508 ,et
367 4441 516 4531 querelis
546 4454 578 4506 et
607 4443 883 4510 criminationibus
911 4446 1154 4535 magistrorum,
1188 4455 1223 4509 ut
1250 4445 1284 4510 in
1314 4451 1486 4537 permultis

303 4549 389 4615 locis
409 4555 603 4615 correctores
622 4556 782 4616 errantem·
799 4552 986 4643 scriptorem
1004 4551 1156 4640 castigare
1174 4551 1297 4618 soleant
1311 4565 1343 4620 et
1354 4555 1486 4633 dicendi

302 4656 539 4748 negligentiam
556 4654 683 4722 ¹audaci
706 4659 913 4725 correctione
945 4658 1072 4743 tollere.
1113 4656 1170 4721 Est
1200 4664 1314 4749 operae
1343 4665 1487 4752 pretium

304 4761 392 4852 ipsas
424 4761 583 4831 Codicum
613 4762 774 4833 lectiones
799 4764 1014 4857 discrepantes
1034 4761 1200 4846 subiicere
1229 4765 1348 4833 scobs:
1365 4773 1488 4849 v3,220.
