3309 5750
874 608 944 674 292

324 823 449 876 summo
466 803 577 870 critico
594 814 658 869 tam
678 801 773 868 docto
792 823 889 892 qnam
905 801 1009 892 sagaci
1025 798 1166 892 lepidum
1183 814 1232 867 est
1249 801 1373 901 andire
1386 801 1504 875 Porro.

322 934 392 982 nnn
411 914 457 1002 (in
479 910 612 977 Praefat.
633 909 672 975 ad
697 908 888 975 Commentt.
908 914 945 973 in
963 908 1113 976 Tnucrn.
1124 921 1205 999 part.
1217 909 1280 977 Ill.
1292 936 1328 1002 p.
1344 911 1418 1002 xl.)
1431 917 1502 981 serio

321 1023 496 1089 dicentem:
545 1016 717 1083 »Hebraei
738 1021 774 1082 in
801 1019 890 1081 notis
915 1019 953 1088 in
983 1015 1205 1104 Thucydidem
1226 1024 1453 1087 coniecturae
1468 1033 1500 1087 ut

321 1132 359 1193 in
388 1130 509 1192 ceteris
538 1124 683 1190 eiusdem
711 1126 855 1189 hominis
881 1122 1012 1187 eruditi
1026 1123 1240 1188 adversariis
1256 1126 1456 1215 pleraeque
1473 1138 1498 1193 ct

319 1234 571 1299 audacissime
590 1239 621 1295 et
640 1232 879 1295 inutilissimae
897 1232 995 1294 ποῖ’
1014 1240 1111 1319 atque
1139 1228 1219 1314 haec
1238 1230 1282 1296 de
1303 1229 1496 1299 Criticornm

319 1338 464 1430 principe
480 1336 559 1401 dicit
578 1336 703 1413 Porro,
727 1336 784 1425 qui
804 1335 932 1400 criticus
952 1347 999 1400 est
1018 1337 1106 1414 talis,
1129 1336 1260 1427 qualem
1283 1336 1400 1405 dicere
1412 1340 1494 1406 ,nolo

366 1443 403 1508 ln
424 1442 597 1508 lsocnrrrs
617 1441 874 1515 Panathenaico
894 1447 911 1529 §
932 1446 985 1507 59.
1003 1465 1063 1531 pro
1083 1444 1167 1516 ἐντὸς
1187 1444 1319 1523 Ἅλυος·
1339 1445 1377 1510 in
1403 1448 1493 1512 omni·

319 1551 379 1616 bns
395 1547 488 1616 libris
507 1560 634 1639 praeter
655 1569 754 1611 unum
780 1546 977 1613 Urbinatem
999 1558 1045 1612 est
1070 1547 1153 1620 ἐντὸς
1166 1547 1301 1621 ,Ἅλυος
1331 1557 1490 1630 ποποιμοῦ,

320 1655 408 1747 quod
436 1670 528 1719 nemo
557 1672 709 1741 nmquam
733 1651 906 1717 revocabit.
953 1651 1108 1717 Eiusdem
1123 1652 1491 1740 generatamblemaest

318 1762 353 1826 in
374 1761 558 1825 Hellenicis
577 1757 633 1823 IV.
656 1776 704 1823 111.
724 1761 754 1824 8.
778 1759 847 1839 πρὶν
867 1761 898 1823 ἐν
922 1758 977 1845 [τῷ
1002 1757 1075 1845 ὄρει]
1094 1761 1136 1838 τῷ
1155 1760 1327 1842 Νοιρθοοκίῳ
1347 1762 1491 1845 ἑμένονολ

321 1854 459 1954 anpius
478 1864 575 1928 etiam
593 1862 627 1926 in
650 1862 849 1927 Tuncrum}
868 1860 926 1927 Ill.
948 1864 1023 1929 116.
1047 1864 1073 1927 οἱ
1096 1862 1147 1928 ἐπὶ
1169 1863 1329 1947 πῇΑἴτνιι
1351 1865 1405 1953 [τῷ
1420 1866 1488 1953 ὄρει]

319 1971 466 2047 citeriori,
499 1965 572 2048 ὅπερ
602 1966 732 2045 μὲνιςῶν
764 1968 827 2035 ε’ςιν
861 1967 986 2048 ὅρος-ἐν
1015 1977 1054 2049 τῇ
1088 1968 1233 2050 Σικελίᾳ.
1274 1969 1384 2061 Saepe
1403 1971 1489 2060 quod

319 2073 482 2162 eleganter
511 2083 543 2136 et
570 2086 702 2150 venuste
728 2082 759 2136 et
778 2073 928 2154 εὐφήμως
948 2084 1014 2137 erat
1037 2072 1175 2150 dictum,
1198 2072 1251 2137 isti
1271 2087 1405 2164 prorsus
1425 2098 1490 2142 cor·

319 2188 473 2268 rumpunt
500 2175 534 2241 id
561 2176 667 2267 ipsum
695 2176 847 2242 addentes
873 2175 959 2266 quod
979 2177 1117 2267 scriptor
1136 2177 1295 2245 maluerat
1317 2181 1488 2271 significare

320 2308 418 2377 qnam
446 2283 580 2349 diceres
606 2284 645 2349 ln
674 2283 854 2350 Isocnrrns
882 2285 1044 2350 Antidosi
1066 2288 1084 2370 §
1104 2286 1185 2350 28&
1207 2300 1344 2353 venuste
1372 2288 1487 2354 dictum

320 2404 388 2466 eret
407 2400 472 2463 τοῖς
495 2390 652 2469 λωομένοις
675 2390 768 2455 εἴκοσι
791 2391 844 2455 sal
865 2389 1033 2471 rpriroora
1050 2394 1131 2468 μνῶν
1154 2389 1214 2461 πῶς
1234 2395 1424 2490 μελλούοοις
1442 2395 1487 2459 xxi

206 2509 215 2521 '
318 2500 371 2565 τὸν
395 2496 493 2563 ἄλλον
511 2493 590 2563 οἷκον
613 2498 862 2577 reserantem,
887 2494 1096 2585 perdiderunt
1116 2495 1237 2573 omnia,
1261 2498 1321 2586 qui
1336 2508 1407 2574 ’τοῖς
1424 2517 1488 2567 λνο-

319 2601 420 2682 μένοις
443 2601 503 2673 πῶς
527 2600 653 2682 ἑτοίμοις
675 2601 872 2690 invexerunt.
907 2599 1074 2682 §Similiter
1093 2600 1125 2665 in
1146 2601 1366 2691 Panegyrico
1388 2609 1491 2695 5138.

318 2705 395 2772 droco
423 2707 467 2771 rit
495 2712 554 2771 τῶν
578 2706 749 2787 βοιρβοὶρων
778 2716 905 2789 taraci
927 2708 979 2772 nal
1005 2708 1056 2771 iric
1084 2710 1162 2785 μιῶς
1192 2707 1326 2785 γένκπωι
1345 2714 1489 2793 asdans.

320 2818 411 2894 ἡμεῖς
441 2814 473 2878 δὲ
502 2814 578 2894 πρὸς
610 2814 770 2889 οέλλιὶλονς
796 2809 902 2893 ’ῶσπερ
923 2817 981 2900 νῶν
1014 2818 1192 2891 πολεμικῶς
1221 2812 1368 2894 ἔχωμεν,
1387 2818 1488 2909 aperiit

320 2919 412 3008 lepor
430 2918 494 2982 loci
515 2940 552 2981 er
573 2939 637 3006 quo
657 2917 759 2981 aliena
780 2939 893 2982 manus
916 2922 1092 2997 πολεμικῶς
1119 2918 1259 2985 inscruit.
1310 2921 1489 2992 Arscmrrs

320 3029 357 3088 in
379 3022 590 3088 Timarchum
612 3024 629 3106 §
653 3025 727 3088 182.
752 3024 901 3103 εὐφήμως
922 3020 1054 3087 dixerat:
1079 3023 1153 3103 ἀνὴρ
1174 3020 1218 3096 εἷς
1242 3024 1412 3117 (legeris)
1437 3036 1488 3095 τῶν

258 3178 260 3182 -
320 3133 454 3193 πολιτῶν
479 3128 568 3207 εὑρὼν
593 3129 648 3201 τὴν
677 3127 788 3191 ἑωυτοῦ
818 3127 978 3208 θννοοτὲρω
1000 3128 1055 3202 τὴν
1086 3129 1210 3220 ἡλικῖων
1237 3132 1270 3194 οὐ
1294 3139 1402 3208 κοιλῶς
1430 3136 1489 3200 δικ-

319 3231 515 3315 Φολῶξοιοων
540 3230 636 3312 μέχρι
664 3229 786 3310 μῶμον,
820 3231 927 3297 nescio
957 3233 1028 3321 quis
1048 3232 1184 3323 pessime
1209 3234 1435 3327 interpolavit,
1459 3250 1488 3303 nt

320 3336 417 3404 hodie
436 3337 561 3427 legatur
578 3334 737 3417 ῖωγωπέροο
759 3337 984 3419 διεφθαρμένων
1011 3339 1064 3402 κω)
1090 3341 1144 3412 τὴν
1169 3340 1304 3416 ἦλικίοον.
1341 3342 1488 3411 Iniuriam

320 3444 477 3533 insignem
497 3445 618 3512 scribae
643 3441 804 3510 Grcnnonr
824 3443 970 3508 fecerunt
990 3443 1115 3509 actione
1130 3443 1156 3510 l.
1177 3448 1215 3511 io
1236 3448 1402 3531 Verrem,
1426 3473 1487 3540 cap.

321 3551 376 3616 Xl.
395 3557 418 3639 ς
434 3556 485 3617 33.
518 3550 616 3625 Nunc
644 3553 799 3638 quoniam
821 3572 982 3639 pugnare
1003 3557 1122 3614 contra
1149 3574 1200 3615 me
1225 3555 1418 3622 instituisti
1433 3579 1490 3622 ιιοιι

320 3667 390 3724 tam
418 3680 461 3723 ea
486 3667 546 3722 trra
574 3663 702 3721 natura
727 3679 827 3744 qaam
849 3679 891 3721 ea
909 3659 1012 3724 istius
1033 3664 1177 3746 tempore
1195 3667 1227 3723 et
1250 3683 1358 3729 caasa
1386 3661 1488 3750 [mali-

309 3765 434 3852 tiose],
458 3783 590 3827 necesse
608 3768 660 3824 est
679 3761 874 3826 istiusmodi
887 3766 1020 3830 rationi
1030 3763 1146 3851 aliquo
1162 3767 1300 3860 consilio
1315 3769 1488 3846 obsistere,

319 3892 386 3934 non
407 3879 453 3934 est
470 3864 702 3954 hoc'scriptum
721 3859 937 3931 er'Giceronis
955 3877 1068 3931 natura
1088 3879 1121 3932 et
1137 3867 1279 3958 ingenio,
1299 3872 1358 3960 qni
1379 3874 1488 3940 omisso

319 3972 492 4037 maledicto
510 3972 678 4035 malitiose
699 3968 785 4033 idem
806 3970 900 4049 dixit,
921 3983 957 4036 ut
973 3995 1006 4037 se
1027 3970 1184 4041 decebat„
1204 3975 1334 4043 Ilirerat
1358 3979 1490 4048 Isocnr·

322 4094 379 4140 τοι
407 4077 441 4140 in
469 4072 633 4142 Antidosi
653 4074 670 4156 §
692 4075 747 4142 71.
781 4081 919 4154 ποορκινῶ
942 4078 984 4157 τῷ
1009 4085 1162 4145 Νικοκλεῖ
1183 4083 1227 4160 μὶν
1247 4084 1396 4166 ῥᾳθυμεῖν
1423 4086 1490 4166 μηδ’

308 4179 420 4260 ῶσπερ
436 4178 606 4259 ’ἱερωσύνην
628 4177 786 4259 εἰληφότος
808 4179 864 4253 τῶν
887 4181 1058 4270 βοοοιλείοον
1075 4181 1151 4249 οὕτω
1172 4188 1228 4260 τὴν
1246 4189 1492 4274 γνώμην-ἔχειν,

318 4285 353 4350 in
382 4282 529 4349 omnibus
558 4279 660 4349 codd.
680 4293 805 4372 praeter
826 4306 927 4353 unum
948 4287 1104 4378 optimum
1125 4290 1251 4369 οὲμελῶς
1271 4280 1400 4383 irrepsit
1419 4305 1489 4386 post

319 4389 500 4470 βωοιλεῖοιν.
549 4387 586 4453 ln
617 4388 767 4456 Lucrino
795 4391 891 4481 plane
920 4393 1032 4460 eadem
1059 4394 1264 4492 interpolatio
1290 4397 1488 4488 deprehensa

307 4495 398 4562 -olim
418 4496 440 4559 a¹
454 4516 507 4560 me
529 4506 576 4559 est
600 4495 632 4560 in
650 4497 817 4561 Parasito
839 4501 897 4576 48,
918 4502 971 4565 52.
994 4496 1201 4581 οἷποοροὶοιπος
1221 4498 1315 4574 οὕτως
1331 4501 1402 4585 ἔχει
1418 4507 1489 4587 πρὸς

306 4601 522 4684 1οέονύριονῶς
545 4602 598 4666 οὐκ
622 4600 661 4665 ῶν
683 4627 731 4674 τις
755 4602 822 4667 οὐδὲ
846 4602 999 4682 arderia
1024 4603 1055 4665 ἕν
1077 4611 1142 4676 τοῖς
1156 4606 1322 4698 4ὀοῖνιοιλοῖς
1342 4611 1487 4692 damtione

318 4703 577 4796 (ῶμελῶς)ῑέχοί.
611 4705 720 4796 plures
748 4705 899 4774 indicabo
926 4707 983 4773 nbi
1011 4710 1205 4798 praemisero
1229 4700 1349 4796 locos(
1367 4717 1484 4807 quibus
