3309 5750
790 620 852 683 321

246 825 277 880 et
302 810 573 904 quemadmodum
590 812 823 891 siniscalcis
853 812 960 891 λέγειν
988 815 1021 877 οὐ
1046 812 1137 893 μόνον
1164 816 1204 888 εἷς
1228 816 1305 891 αὐτὸ
1322 821 1414 884 τοῦτο

244 918 434 997 πλημμελὲς
456 918 545 983 nant
573 917 625 983 καὶ
655 915 750 981 κακόν
775 939 805 981 πι
833 918 959 995 ἐμποιεῖ
984 925 1056 990 ταῖς
1079 923 1205 998 ψυχαῖς
1230 918 1280 1007 (ut
1302 924 1415 988 rectis-

246 1023 324 1088 sime
354 1020 500 1089 Socrates
527 1023 700 1089 moriturus
729 1020 807 1087 dicit
837 1022 869 1087 in
893 1022 1073 1088 Phaedone
1099 1048 1130 1114 p.
1153 1027 1227 1092 115.
1246 1028 1288 1112 tt.)
1312 1029 1357 1093 sic
1376 1053 1415 1096 ex

244 1129 381 1194 absurdo
411 1128 473 1196 hoc
501 1130 630 1195 nomine
663 1126 800 1194 absurda
819 1127 909 1192 notio
928 1128 961 1191 in
981 1151 1153 1218 puerorum
1175 1130 1288 1197 animis
1310 1136 1414 1199 nasci·

206 1273 209 1277 »
245 1253 312 1320 tur,
337 1262 434 1331 quam
458 1237 559 1305 adulti
578 1235 956 1327 plerique-retinuerunt.
1002 1234 1186 1324 Magistellis
1206 1234 1268 1301 hoc
1290 1250 1416 1329 tempus

242 1347 424 1438 appelletur
442 1347 514 1424 μετ’
532 1344 638 1422 ὀλίγον
653 1343 796 1421 μέλλων,
819 1340 906 1432 quod
922 1353 1090 1414 ,verterunt
1104 1342 1215 1407 Paulo
1222 1345 1415 1433 postfutu-

205 1497 214 1509 -
240 1477 335 1531 rum,
368 1474 472 1543 eoque
501 1448 631 1515 nomiae
660 1470 834 1537 puerorum
862 1470 953 1514 aures
981 1460 1173 1539 personant,
1204 1462 1315 1540 estque
1336 1450 1416 1516 haec

244 1559 356 1625 vitiosa
378 1560 556 1637 αασηχησις
578 1560 637 1620 σῶν
657 1554 872 1621 διδασκόντων.
908 1557 1045 1645 alpertus
1065 1578 1154 1621 error
1172 1569 1238 1635 est,
1260 1558 1294 1621 in
1317 1577 1415 1646 quem

241 1664 318 1730 satis
337 1676 384 1729 est
403 1660 578 1727 intendisse
595 1658 732 1749 'digitum
753 1672 785 1724 et
808 1683 846 1725 ex
867 1683 932 1751 qao
951 1682 1017 1725 uno
1035 1661 1173 1751 intelligi
1192 1673 1297 1752 potest
1317 1681 1415 1751 quam

243 1768 399 1861 praeclari
416 1767 558 1857 magistri
573 1765 759 1831 Graecitatis
769 1766 907 1845 fuerint,
918 1767 1003 1833 unde
1015 1766 1094 1833 haec
1106 1770 1211 1833 omnia
1222 1767 1414 1856 accepimus.

241 1876 278 1942 ln
297 1874 448 1967 perlectis
469 1870 660 1969 quibusdam
680 1872 801 1938 activae
821 1873 944 1939 formae
964 1874 1075 1941 eadem
1094 1874 1237 1964 analogia
1253 1873 1415 1964 conspici-

241 1995 309 2049 tur:
333 1980 434 2057 ἕςηαα
455 1991 487 2044 et
507 1978 639 2053 τέθνηκα
661 1976 886 2068 producuntur
905 1979 938 2044 in
963 1981 1064 2058 ἓςήξω.
1085 1991 1117 2044 et
1136 1980 1285 2060 πεθνήξω,
1311 1977 1414 2069 (apud

239 2090 400 2179 aequiores
420 2086 570 2165 ἑςηξομαι
593 2096 624 2150 et
642 2085 844 2165 τεθνήξομαι,
863 2086 981 2177 quibas
1000 2086 1110 2152 formis
1127 2109 1305 2175 numquam
1326 2095 1414 2152 rete-

240 2216 288 2259 res
316 2194 364 2258 usi
399 2195 498 2278 sunt).
565 2188 720 2255 Similiter
748 2190 833 2280 apud
867 2191 1039 2257 floriana
1070 2191 1251 2283 perlectam
1279 2191 1411 2269 ἄνωγα,

241 2298 374 2378 ἄνωχθι,
406 2295 504 2360 habet
534 2294 680 2359 futurum
708 2296 813 2373 σὶνιίιξω
847 2319 885 2361 ex
911 2320 944 2361 se
965 2309 1095 2375 natum,
1119 2308 1151 2362 et
1176 2297 1261 2387 apud
1290 2296 1414 2362 atticos

242 2403 385 2483 κέκραγα
417 2398 607 2481 κεκράξομαι
636 2411 668 2464 et
695 2399 868 2478 κέκλαγγα
896 2400 1130 2479 κεκλάγξομαι.
1178 2400 1253 2466 Non
1282 2398 1413 2467 aliunde

240 2520 350 2575 natum
372 2519 419 2572 est
439 2506 527 2584 εἴξω,
550 2507 769 2579 similione,
801 2520 900 2594 quam'
923 2529 960 2571 ex
980 2504 1065 2570 ἔοικα
1089 2506 1233 2591 (εἰκέναι,
1258 2505 1411 2591 εἴξωσιν),

239 2628 271 2681 ct
301 2615 425 2694 εἴσομαι
457 2634 553 2701 quam
583 2634 621 2677 ex
639 2607 709 2676 οἶδα
732 2610 889 2697 (εἰδέναιμ
913 2610 1081 2677 arcadem
1104 2610 1207 2674 forma
1223 2608 1413 2700 producitur

237 2723 355 2796 εἰδησω.
382 2715 572 2783 incaeteris
593 2716 741 2782 omnihus
759 2715 937 2806 periphrasi
958 2715 1128 2782 utendum:
1151 2716 1195 2781 sic
1216 2714 1412 2794 γεγάμηκα,

239 2848 374 2894 uxorem
403 2826 520 2903 dobeo,
551 2823 694 2890 futurum
716 2821 815 2889 habet
835 2825 1029 2903 γεγαμηκὼς
1051 2822 1178 2902 ἔσομαι,
1202 2819 1257 2887 sed
1278 2818 1409 2900 ἔγημα,

237 2935 484 3002 ἀνοίσουσαν
516 2931 612 3021 (quae
641 2953 728 2996 nunc
755 2942 882 2997 mortua
909 2934 985 3014 est),
1012 2931 1115 2996 latui
1131 2952 1287 3007 uxorein,
1306 2925 1412 2992 futuri

238 3039 389 3130 temporis
411 3036 574 3101 notionem
594 3059 659 3101 non
681 3036 831 3104 admittit.
867 3035 981 3126 ltaque
1002 3037 1125 3117 εἰρηκὼς
1146 3034 1257 3114 ἔσομαι
1277 3033 1412 3110 dicitur,

237 3148 328 3214 εἰπὼν
363 3142 474 3222 ἔσομαι
506 3141 678 3208 absurdum
711 3153 767 3209 est.
816 3141 911 3232 Apud
941 3141 1120 3207 Lucraauu
1147 3139 1263 3228 legitur
1292 3143 1330 3218 7,
1369 3142 1410 3205 14

237 3249 348 3328 ἔσομαι
384 3248 558 3324 πεπονθώς,
591 3250 648 3324 10,
678 3251 736 3325 22,
770 3250 783 3312 1
820 3248 875 3329 ἕση
907 3247 1110 3320 πεπλευκώς,
1142 3248 1198 3323 10,
1228 3249 1291 3324 23,
1315 3250 1335 3310 3
1356 3243 1411 3326 ἔση

236 3352 451 3427 ἀνεληλυθώς,
489 3353 549 3429 12,
586 3356 627 3416 12
658 3365 689 3418 et
719 3356 761 3416 22
789 3351 843 3434 ἔση
866 3353 1080 3422 ἀνατεθεικώς.
1103 3354 1163 3428 41,
1187 3354 1228 3415 10
1250 3350 1410 3425 νενικηκὼς

236 3458 324 3531 ἔςαι,
359 3458 492 3534 49,.17
523 3454 577 3536 ἕση
605 3458 791 3542 ὠφεληκώς,
822 3461 884 3535 70,
910 3464 929 3522 5
953 3455 1007 3538 ἔση
1031 3457 1248 3538 ἀποδεδωκώς,
1276 3457 1340 3532 70,
1366 3459 1410 3521 23

236 3560 291 3645 ἔση
323 3564 513 3644 πεποιηκώς,
537 3563 595 3638 78,
620 3565 660 3625 21
691 3561 744 3645 ἔση
773 3563 970 3638 πεπονηκώς,
995 3560 1162 3626 eteoclem
1185 3561 1281 3626 modo
1301 3582 1410 3626 ornnes

238 3667 352 3734 Graeci
371 3666 551 3756 saepissime
571 3667 768 3757 loquuntur,
793 3667 888 3734 etiam
908 3667 940 3731 in
961 3667 1109 3757 passivis,
1129 3667 1203 3757 quia
1224 3691 1289 3732 non
1309 3667 1410 3732 multa

236 3776 333 3841 rerba
350 3772 472 3838 habent
491 3796 527 3839 er
547 3775 691 3864 perfecto
709 3774 834 3865 passivo
853 3774 1043 3864 productam
1061 3773 1161 3839 lutari
1181 3773 1326 3839 formam.
1356 3771 1410 3837 Sic

236 3879 353 3969 legitur
383 3882 446 3957 34,
481 3884 522 3945 25
544 3882 792 3960 βεβουλευμένος
822 3880 876 3964 ἔση
903 3892 936 3946 et
962 3883 1019 3958 12,
1044 3884 1086 3944 22
1114 3879 1167 3962 ἔση
1189 3879 1408 3958 πεποιημένοςε

236 3984 291 4050 καί
325 4007 376 4062 μοι
412 3984 516 4061 δείξαις
549 3987 626 4051 αὐτὸ
658 3989 767 4062 ἐντελῆ
801 3986 856 4068 ἔση
883 3988 939 4060 πην
968 3988 1151 4069 περιήγησιν
1182 3984 1407 4062 πεποιημένος,

237 4088 293 4154 ubi
314 4087 438 4153 soloeca
458 4089 554 4154 lectio
576 4103 622 4155 est
644 4091 762 4158 codicis
784 4091 828 4158 M.
849 4093 1068 4171 ποιησάμενος.
1117 4090 1264 4157 Peccavit
1283 4090 1408 4156 Lucu·

237 4213 297 4262 itus
326 4195 394 4286 ipse
425 4197 487 4273 20,
519 4199 561 4262 68
586 4196 620 4260 in
647 4198 747 4268 ἐοικὼς
780 4197 835 4280 ἔση
862 4221 922 4288 pro
950 4199 1062 4276 εἴξεις,
1088 4210 1123 4263 ut
1144 4197 1298 4274 dirimas,
1322 4207 1354 4261 et
1374 4193 1408 4258 in

237 4301 319 4372 εἰδὼς
347 4299 401 4384 ἕση
428 4301 461 4365 in
481 4304 543 4379 60,
575 4306 632 4379 13,
653 4313 689 4366 ut
715 4301 761 4366 ibi
781 4301 933 4368 dicemus.
980 4302 1124 4369 Subinde
1146 4304 1207 4368 iam
1228 4301 1409 4369 notavimus

238 4406 400 4473 Atticistas
434 4407 525 4472 abuti
555 4408 770 4498 perlectorum
800 4407 931 4486 futuris,
965 4408 1021 4473 ubi
1049 4411 1263 4500 praesentium
1292 4404 1408 4470 futuris

238 4523 318 4578 esset
347 4511 521 4587 utendum,
557 4526 591 4579 ut
624 4515 657 4579 in
686 4514 854 4592 δεδήσομαι
883 4537 943 4603 pro
974 4515 1159 4594 δεθησομαι,
1193 4512 1406 4581 δεδικάσονται

238 4638 296 4707 pro
315 4615 552 4692 δικασθησονπαι
563 4667 571 4697 ,
596 4620 666 4686 aliis
686 4618 806 4685 multis.
839 4618 976 4708 Tragicis
997 4619 1126 4686 hocius
1146 4633 1192 4686 est
1213 4620 1331 4693 iacere,
1350 4614 1407 4704 qui

236 4722 438 4803 μεμνήσομαι
454 4745 513 4810 pro
525 4728 740 4806 praelicenter
751 4725 917 4793 dicebant:
935 4724 1051 4795 Eoum.
1062 4728 1186 4798 Medea
1200 4730 1265 4797 929
1278 4724 1406 4814 (quam-
