3309 5750
864 611 930 676 ³¹14

308 820 402 899 τρώηρ
428 809 584 895 ςρατηρός
609 808 714 875 ἐοόόων
734 807 766 871 ἐν
792 804 863 887 deber
886 804 982 870 κοινόν
1003 801 1096 884 ἄρτον
1119 802 1138 878 ἢ
1161 801 1337 885 -ἔργου
1363 812 1492 890 courbe-

307 920 472 1000 πτόμενος.
521 913 665 983 Cuilibet
691 910 789 978 militi
816 907 1083 975 iucundissimam
1111 905 1145 973 id
1175 908 1415 999 spectaculum
1438 924 1494 992 est,

308 1028 441 1118 opinor,
473 1033 505 1087 et
530 1022 564 1087 in
593 1020 668 1087 solis
695 1016 848 1092 Romanis
873 1014 907 1080 id
934 1013 1080 1093 laudare,
1110 1013 1200 1103 quod
1228 1016 1396 1083 omnibus
1416 1040 1494 1085 com·

307 1153 406 1199 mune
437 1140 502 1208 est,
530 1125 683 1193 Romanis
713 1121 921 1213 scriptoribus
948 1120 1114 1212 proprium
1135 1132 1200 1201 est,
1225 1134 1266 1187 ut
1292 1122 1430 1191 Graecis
1450 1148 1495 1191 sua

307 1238 402 1306 unice
429 1236 568 1328 placent.
616 1231 689 1321 Ipsa
717 1229 887 1296 verborum
906 1227 1077 1293 collocatio
1101 1229 1206 1318 aperit
1225 1229 1402 1299 fraudem.
1445 1232 1497 1315 Qui

307 1343 451 1425 Ῥωμαίῳ
468 1342 573 1419 όέαμα
591 1340 745 1420 ςρατιύτρ
766 1346 821 1401 aut
840 1334 990 1401 Romano
1006 1335 1237 1425 spectaculum
1256 1340 1379 1403 militi
1396 1338 1431 1402 ia
1448 1336 1498 1404 hae

308 1449 466 1519 sententia
486 1449 566 1514 bene
586 1444 743 1510 collocata
764 1465 832 1509 esse
849 1453 957 1532 putat,
986 1441 1018 1506 ei
1046 1438 1179 1507 Graecia
1213 1454 1249 1508 et
1271 1442 1379 1510 Italia
1403 1467 1497 1536 neque

307 1569 410 1624 mater
438 1565 486 1621 est
511 1573 616 1642 neque
639 1570 790 1615 noverca.
832 1544 870 1611 ln
892 1546 1070 1635 lysandro
1088 1567 1159 1637 cap.
1182 1551 1216 1614 5.
1242 1549 1258 1613 ό
1288 1550 1497 1630 Ἀλκιβιάδης

309 1664 368 1729 ὑπό
392 1668 452 1727 τῷν
478 1660 509 1723 ἕν
532 1658 633 1736 Σόμῳ
658 1652 862 1743 [spartanae]
884 1651 1115 1735 ἀτιμαζόμενος
1132 1653 1355 1721 ύπέπλευοεν
1373 1658 1420 1728 εἷς
1435 1666 1497 1737 Xer-

308 1766 441 1848 ρόννοον.
489 1761 563 1828 Non
594 1760 712 1827 milites
737 1758 798 1825 soli
819 1757 875 1823 sed
904 1779 1014 1823 omues
1039 1756 1242 1824 Alcibiadem
1269 1771 1349 1825 tum
1371 1760 1495 1827 oderant

308 1873 335 1937 οἱ
359 1872 390 1934 ἕν
412 1867 525 1950 Σόμιρ.
574 1865 763 1956 Saepissime
788 1876 897 1930 autem
919 1864 1070 1930 dicebant
1093 1864 1170 1929 οἶόν
1190 1863 1324 1948 Σόμςν,
1360 1878 1400 1931 ut
1427 1868 1495 1932 οἱέν

309 1974 399 2058 όιςει,
429 1974 455 2039 οἱ
484 1974 520 2036 ἐκ
548 1971 717 2051 Πειραιῶς,
752 1971 777 2033 οἱ
804 1968 840 2047 ἐξ
864 1968 973 2055 όιςεος,
1006 1968 1093 2059 quod
1122 1967 1247 2036 Lrsul
1277 1993 1386 2037 causa
1409 1972 1495 2049 addo,

311 2076 398 2169 apud
428 2097 523 2167 quem
552 2074 771 2165 turpissimum
799 2073 959 2139 emblema
979 2074 1168 2140 sententiam
1188 2074 1256 2141 loci
1276 2078 1494 2167 pessumdedit

313 2182 413 2252 XXV.
438 2186 491 2248 33.
515 2180 679 2260 ἡγούμενοι
703 2184 754 2244 νῦν
779 2178 837 2256 μὲν
862 2179 914 2245 διὰ
938 2180 1007 2252 τοὺς
1028 2181 1064 2245 ἐκ
1087 2187 1237 2261 Πειραιῷς
1260 2183 1430 2257 κινδύνους
1449 2186 1493 2250 ού·

224 2280 228 2286 ’
310 2296 375 2362 τοῖς
407 2286 522 2365 ἐξεῖναι
553 2292 651 2351 ποιεῖν
680 2279 745 2348 ότι
770 2282 809 2348 όιν
835 2283 1030 2361 βούλωνται,
1055 2284 1110 2350 ε’όιν
1133 2285 1160 2350 δ’
1178 2282 1287 2366 ύςερον
1316 2288 1359 2353 δι’
1386 2289 1492 2370 ἑτέρους

311 2392 446 2474 οιοτνρόα
478 2389 609 2469 γένηται
638 2389 707 2455 κτὲ.
755 2386 886 2478 Corripe
916 2388 967 2453 δια
991 2389 1062 2462 τοὺς
1086 2390 1122 2454 ἐκ
1145 2396 1304 2470 Πειραιῶς
1336 2404 1491 2483 expuncto

310 2497 483 2570 κινδύνους,
515 2491 603 2584 quod
624 2516 661 2559 es
679 2493 749 2583 ipsa
771 2493 973 2584 oppositione
998 2494 1175 2560 necessario
1194 2496 1399 2585 requiritur,
1427 2512 1457 2565 et
1470 2500 1491 2565 οἱ

312 2603 348 2668 ἔκ
370 2605 519 2681 Πειραιῶς
543 2599 671 2665 κίνδυνοι
703 2599 798 2665 rerba
826 2610 899 2665 sunt
924 2621 1018 2665 sensu
1042 2619 1151 2667 vacua.
1197 2600 1330 2669 Addam
1357 2627 1491 2671 unuma

313 2704 446 2771 Souara
467 2703 701 2795 deprehensum
720 2704 754 2769 in
772 2704 836 2770 rita
857 2701 993 2782 Crassi,
1016 2704 1091 2795 quia
1108 2714 1175 2770 tam
1194 2705 1324 2796 insigne
1342 2722 1381 2775 et
1398 2710 1492 2777 mani·

312 2810 431 2879 festum
450 2822 497 2878 est
517 2809 791 2889 additamentum,
815 2821 851 2876 ut
871 2810 912 2876 sit
932 2810 985 2876 καὶ
1010 2812 1123 2895 τυφλῷ
1146 2812 1249 2887 δῆλον.
1286 2813 1327 2881 ln
1351 2819 1492 2910 capite3

312 2930 419 2985 narrat
435 2918 475 2983 de
490 2916 669 2983 Alexandro
685 2917 826 3007 quodam
844 2915 1039 3008 philosopho
1055 2918 1283 3009 peripatetico,
1306 2924 1368 3012 qui
1388 2923 1491 2990 Crasso

312 3024 417 3089 amico
441 3045 515 3109 usus
540 3023 573 3088 in
591 3045 714 3088 summa
734 3045 841 3088 rerum
863 3022 1005 3088 omnium
1025 3023 1159 3113 penuria
1176 3023 1263 3090 risit.
1312 3026 1490 3120 Adscripsit

313 3127 501 3196 Graeculus:
523 3131 586 3210 φεῦ
605 3134 661 3200 τῆς
685 3130 856 3207 ὑπομονῆς,
881 3129 947 3193 οὐδὲ
967 3129 1023 3203 τῷν
1045 3128 1154 3194 πενίαν
1173 3129 1334 3210 ότλόμαν
1360 3136 1491 3219 ἀδιόφο-

312 3260 359 3318 ρον
385 3233 572 3313 ἡγούμενοςό
606 3256 688 3324 qnae
708 3244 783 3299 aute
802 3232 962 3300 Setinum
981 3257 1041 3325 pro
1063 3234 1262 3303 Plutarcheis
1282 3236 1490 3330 legebanturl

357 3339 407 3406 Ad
427 3363 498 3430 pag.
519 3341 596 3406 294.
643 3339 731 3405 lllud
762 3339 866 3431 ipsum
893 3338 1136 3430 compendium,
1166 3362 1233 3430 quo
1261 3344 1375 3424 ὡραῖον
1401 3347 1491 3432 scribi

313 3447 411 3524 solet,
443 3444 527 3511 male
546 3445 706 3536 irrepsisse
726 3445 870 3536 suspicor
890 3445 923 3511 in
945 3445 1039 3512 rerba
1058 3442 1245 3512 Sanasonls
1269 3447 1330 3516 111.
1351 3476 1388 3542 p.
1414 3459 1490 3534 147,

313 3553 369 3644 qui
396 3565 566 3643 postquam
593 3552 701 3618 locum
720 3552 891 3620 Posrucnn
912 3552 1021 3618 attulit
1041 3551 1147 3643 opime
1166 3553 1341 3643 Hispaniae
1364 3561 1490 3626 metalla
1520 3569 1522 3573 ‘

312 3659 357 3724 sic
376 3658 552 3725 laudantis:
576 3663 651 3741 παρ’
672 3659 794 3733 ἐκείνοις
818 3662 858 3733 ὥς
881 3661 1003 3736 όλνρόῷς
1029 3659 1081 3724 τόν
1111 3659 1290 3739 ὑποχθόνιον
1314 3663 1414 3732 τόπον
1433 3672 1489 3749 οὐχ

312 3764 475 3845 όἊιδνρς,
507 3765 584 3829 ἀλλ’
609 3763 624 3827 ό
653 3763 801 3829 Πλούτων
832 3771 991 3844 κατοικεῖ,
1017 3762 1108 3829 addit
1136 3770 1271 3830 τοιαῦτα
1296 3769 1357 3846 μὲν
1383 3767 1435 3838 οὖν
1463 3776 1491 3839 ἐν

311 3869 408 3953 ύραόιρ
435 3870 584 3951 σχήματι
609 3867 708 3949 εἴρηκε
738 3869 806 3950 περὶ
833 3871 961 3935 τούτων.
1010 3869 1071 3935 Pro
1090 3869 1187 3952 ιδραόῳ
1208 3869 1353 3940 inlibris
1374 3891 1425 3944 est
1444 3883 1491 3946 ού·

310 3965 406 4056 ρανῷο
442 3972 497 4036 alii
525 3970 636 4052 ύραόῳ,
670 3969 725 4034 alii
743 3975 886 4055 ῥητορικῷ
910 3973 1157 4042 substituerunt.
1204 3978 1340 4046 Saurea
1369 3975 1491 4051 dixerat

247 4130 251 4135 .
311 4077 343 4142 ἐν
371 4077 534 4156 σχήματι,
568 4083 603 4136 ut
630 4071 733 4137 solent
755 4071 877 4153 dicere,
907 4076 1014 4142 nescio
1035 4080 1105 4168 quis
1124 4079 1298 4147 admiratus
1319 4084 1492 4156 Postuerta

312 4181 456 4273 lepidum
484 4177 606 4243 dietum
630 4177 773 4269 appinxit
792 4181 918 4261 ὡραῖον,
945 4186 1173 4275 compendium
1192 4190 1277 4255 male
1294 4191 1423 4261 lectum
1443 4198 1497 4262 ού·.

311 4286 389 4371 ρανῷ
411 4286 551 4377 peperit,
569 4297 601 4352 et
621 4297 693 4352 sunt
712 4285 768 4378 qui
789 4286 928 4354 multum
950 4291 1094 4359 tribuant
1113 4294 1179 4360 illis
1199 4294 1491 4381 homuncionibus,

312 4393 369 4484 qui
389 4395 418 4458 ε’ν
440 4393 552 4474 οὐρανῷ
578 4394 726 4474 σχήματι
751 4392 833 4458 serio
857 4396 995 4464 seribere
1018 4412 1204 4492 potuerunt.

358 4497 407 4565 ad
435 4521 508 4590 pag.
528 4500 604 4564 311.
654 4497 854 4590 Quamquam
882 4503 917 4567 τό
943 4504 1041 4584 όνομα
1069 4507 1127 4572 ὑπό
1155 4511 1209 4572 τοῦ
1237 4511 1358 4591 πατρὸς
1386 4523 1492 4581 κεῖται

313 4606 433 4697 optime
458 4602 591 4681 dicitur,
620 4625 686 4667 non
708 4615 754 4670 est
776 4616 882 4671 tamen
909 4629 946 4673 ea
965 4631 999 4675 re
1019 4609 1216 4678 abutendum
1239 4623 1276 4678 ut
1297 4619 1421 4684 tuearis
1441 4620 1492 4686 lo-

312 4733 404 4791 cum,
436 4708 541 4801 qualis
571 4719 617 4774 est
646 4707 843 4776 Pnurrncm
876 4711 918 4776 de
951 4712 1057 4781 Genio
1084 4713 1239 4783 Socratis
1266 4743 1339 4812 pag.
1366 4728 1435 4793 583
1461 4744 1490 4791 c.
