3309 5750
738 652 799 719 189

177 849 348 941 scripserat
371 846 502 913 festivas
528 851 639 935 potita:
715 834 719 841 ’

361 954 526 1033 ἐπιθυμίας
552 953 703 1031 ἐμίαινε
726 958 786 1016 τῶν
811 950 1009 1030 ἡδυσμάτων.

218 1055 265 1144 xln
288 1058 482 1125 Errcuaarrr
500 1060 679 1148 fragmento
696 1081 761 1124 uon
781 1058 935 1123 dissimile
958 1058 1072 1125 vitiam
1093 1060 1272 1151 legentibus
1293 1062 1352 1127 im-

180 1163 272 1253 ponit
291 1164 376 1257 apud
398 1166 605 1232 lrarrrruar
632 1164 703 1235 Vll.
724 1189 755 1255 p.
776 1168 840 1230 277
861 1184 889 1231 r.

997 1256 1112 1336 κάμίαι
1136 1258 1186 1325 δύο

301 1360 552 1442 διατεταγμέναι
575 1361 671 1441 μέσαι
695 1359 822 1442 Φοίσσαι
846 1382 881 1423 τε
905 1367 1080 1427 τοσσαῦται
1104 1371 1217 1446 παρῆν.

180 1477 313 1543 Ridebis
332 1479 433 1558 οὶμίας
458 1478 713 1559 διατεταγμένας
738 1479 849 1559 μέσας,
861 1490 1031 1569 postquam
1052 1502 1157 1548 reram
1179 1482 1350 1548 lectionem

178 1584 376 1672 cognoveris.
426 1583 463 1649 la
484 1585 580 1649 unico
601 1582 720 1649 Codice
739 1583 923 1649 Marciano
948 1584 1065 1674 legitur
1085 1588 1352 1666 διατετανμαμε-

165 1668 339 1768 ‘verpere
387 1685 549 1779 Scriptum
570 1702 637 1754 erat
655 1689 688 1753 in
704 1699 829 1754 vetusto
853 1688 937 1754 libro
958 1699 1349 1756 ararermammvnr.

177 1792 289 1859 Scriba
310 1815 410 1882 quum
432 1794 568 1860 dedisset
587 1797 744 1872 διατεταν
764 1794 862 1859 sensit
881 1816 1021 1860 errorem
1043 1805 1074 1858 et
1093 1819 1235 1873 μαμεναι
1258 1795 1351 1861 addi·

152 1892 242 1977 dit,
273 1912 360 1965 recte
379 1902 404 1965 si
424 1925 470 1979 αν
490 1900 690 1991 expunxisset
710 1900 760 1965 vel
780 1901 910 1990 punctis
929 1911 1077 1966 notasset.
1122 1899 1234 1966 Redde
1253 1902 1351 1990 igitur

178 2012 293 2096 po‘e'tae
314 2007 565 2086 διατετμαμέναι
581 2008 689 2086 μέσαι.
738 2004 776 2070 ln
796 2030 832 2072 ea
851 2005 954 2072 forma
975 2005 1120 2084 dicendi,
1139 2028 1236 2094 quam
1257 2019 1351 2072 nota-

180 2092 302 2189 vimus,
330 2112 498 2202 perspicue
523 2124 655 2203 apparet
682 2110 869 2177 Graecitatis
891 2112 1004 2178 veteris
1027 2124 1058 2178 et
1080 2112 1219 2178 novitiae
1239 2112 1353 2178 discri-

181 2241 266 2284 men.
316 2216 445 2283 Veteres
474 2231 506 2285 et
532 2216 657 2309 probati
678 2217 847 2308 scriptores
867 2218 1016 2283 dicebant
1036 2217 1272 2298 ε’πιτέτραμμαι
1296 2220 1352 2293 τὴν

174 2323 289 2396 πόλιν,
316 2324 433 2387 novicii
452 2322 516 2403 ἔχοι
542 2324 598 2397 την
622 2322 712 2387 πόλιν
738 2324 1028 2404 ἐπιτετραμμένην,
1054 2321 1101 2386 illi
1122 2322 1278 2404 λελυμένη
1296 2324 1352 2397 την

178 2427 293 2507 κέμηυ,
320 2426 353 2492 hi
375 2427 548 2507 λελυμένην
572 2428 627 2501 την
652 2425 750 2505 κίμην
773 2426 909 2507 ἔχουσα,
935 2427 984 2491 illi
1005 2425 1206 2507 ἐξηρτημένος
1225 2426 1350 2502 δέλτον,

179 2532 215 2598 hi
243 2531 450 2613 ἐξηρτημένην
481 2530 562 2611 έχων
595 2542 627 2595 et
655 2530 770 2621 passim
801 2530 834 2594 in
866 2530 1032 2596 similibus.
1080 2528 1202 2593 Deinde
1233 2531 1354 2595 scribae

181 2651 321 2705 veterem
341 2660 433 2703 usum
457 2649 632 2725 coeperunt
652 2635 690 2701 ad
712 2659 799 2701 suam
821 2636 1087 2702 consuetudinem
1109 2635 1278 2723 reingere,
1297 2658 1355 2700 cu·

181 2745 230 2809 ius
256 2744 302 2809 rei
329 2742 432 2807 multa
460 2742 604 2831 exempla
623 2742 655 2806 in
677 2741 836 2831 farragine
857 2741 1107 2834 discrepantium
1128 2741 1355 2830 scripturarum
1455 2808 1465 2824 ,

181 2848 329 2939 reperies.
376 2845 413 2912 ln
441 2846 583 2913 Lacnrr
610 2844 743 2914 Somnio
762 2850 816 2916 ael
838 2846 952 2928 Gallo,
978 2855 1034 2928 45,
1059 2852 1111 2915 12.
1141 2858 1227 2915 recte
1250 2847 1356 2914 editur

174 2955 369 3027 δακτυλίους
398 2955 508 3035 βαρεῖς
538 2956 710 3034 ἐξημμένος
740 2960 799 3020 τῶν
829 2956 1003 3022 δακτύλων.
1040 2958 1058 3042 §
1082 2960 1132 3021 13.
1157 2955 1272 3036 χρυσὸν
1301 2956 1355 3021 καί

183 3060 316 3143 έιρνυρον
338 3065 397 3125 τῶν
420 3060 584 3141 βοτρύχαν
608 3061 779 3139 ἐξημμένος
805 3074 837 3126 ct
856 3062 968 3152 paullo
988 3075 1059 3154 post
1077 3062 1184 3144 χρυσῷ
1209 3060 1356 3126 ἀναδεδε-

183 3166 273 3245 μένος
293 3166 364 3238 τοὺς
389 3165 589 3244 πλοκοίμιυς,
616 3183 699 3257 quae
719 3167 880 3233 verissima
902 3174 1057 3260 scriptura
1083 3169 1115 3233 in
1138 3165 1265 3232 duobus
1287 3181 1358 3234 tan-

181 3281 251 3334 tam
273 3269 363 3334 libris
384 3281 507 3358 reperta
528 3282 584 3335 est.
632 3270 757 3337 Caeteri
779 3295 889 3339 omnes
919 3274 1149 3353 διαδεδεμένους
1177 3272 1249 3343 τοὺς
1279 3287 1358 3337 πλο-

182 3373 301 3452 κοίμους
329 3373 411 3455 έχων
432 3375 481 3439 rel
500 3377 741 3454 ἀναδεδεμένους
764 3379 836 3450 τοὺς
857 3378 1041 3457 πλοκάμους
1064 3378 1163 3458 έχων,
1189 3398 1273 3466 quae
1288 3399 1359 3440 ma·

181 3480 296 3545 nilesta
324 3480 529 3570 interpolatio
558 3492 612 3545 est.
661 3480 699 3547 ln
723 3482 828 3572 primo
853 3483 999 3572 exemplo
1018 3483 1051 3547 in
1074 3482 1235 3559 omnibus,
1264 3503 1358 3570 prae·

171 3597 329 3674 ·terquam
356 3585 389 3651 in
422 3584 491 3664 lc,
524 3597 570 3651 est
600 3586 809 3664 ε’ξημμένους,
846 3611 929 3677 quac
958 3589 1061 3677 prima
1086 3587 1168 3652 solet
1189 3608 1256 3652 esse
1280 3585 1359 3651 mali

183 3689 288 3770 labes,
313 3703 348 3755 ut
372 3689 405 3755 in
426 3691 531 3756 Leuat
552 3694 787 3758 Partorolibus
807 3717 879 3785 pag.
899 3697 951 3760 24.
976 3687 1136 3760 Canama.
1156 3691 1283 3771 έκίμισε
1305 3691 1360 3756 cvl-

182 3817 283 3874 ριγγα
305 3795 490 3872 βουκολικην
516 3796 681 3876 καλοίμους
702 3799 789 3863 έννέα
811 3802 927 3880 χαλκῷ
954 3800 1132 3878 δεδεμένους
1158 3796 1228 3862 rivel
1255 3799 1357 3876 κηροῦ.

183 3898 335 3967 Goumara
355 3899 395 3965 dc
415 3923 472 3965 suo
490 3912 563 3990 post
582 3900 746 3980 καλιίμους
768 3904 902 3970 inseruit
922 3903 1069 3985 ἔχουσαν.
1119 3903 1224 3970 Multo
1244 3901 1358 3967 melius

145 4071 148 4075 ,
180 4004 369 4069 emendabis
390 4005 563 4083 δεδεμένην.
612 4004 650 4071 ln
671 4007 908 4077 Turtururtasat
932 4009 1194 4077 Charactert'bus
1209 4008 1243 4074 V.
1264 4008 1358 4080 δεινὸς

183 4111 360 4185 κτήσασθαι
390 4143 432 4160 ·-
456 4110 593 4174 αὐλαίαν
621 4109 756 4192 ἔχουσαν
781 4117 904 4198 Πέρσας
929 4117 1178 4197 ἐνυφασμένους,
1214 4114 1270 4205 qul
1296 4126 1361 4179 tam

181 4213 264 4279 bene
295 4212 401 4278 Attice
432 4212 551 4278 sciebat
582 4213 703 4283 dixerat
726 4221 865 4285 αὐλαίαν
895 4220 1017 4298 Πέρσας
1040 4220 1270 4303 ἕνυφασμένην.
1320 4217 1357 4283 ln

181 4318 316 4397 libello,
355 4319 411 4408 qui
438 4318 637 4385 Paurartcffl
670 4323 799 4388 nomine
831 4323 1072 4402 circumfertur,
1114 4325 1155 4390 de
1183 4327 1359 4390 vnulierum

175 4427 363 4491 virtutibus
381 4450 412 4515 p.
434 4427 499 4492 254
520 4443 548 4492 c,
573 4424 726 4506 ἔχεινκαὶ
749 4428 975 4507 πεπιςευμένος
993 4427 1093 4511 ἔρυμα
1113 4422 1200 4495 ιιατίι
1216 4437 1272 4503 τῆς
1289 4435 1360 4492 Να-

184 4531 256 4609 ξίων
282 4531 400 4603 πόλεως
422 4544 554 4621 apparet
575 4530 657 4612 έχων
680 4533 736 4598 καί
756 4534 857 4600 εοίοΙο
878 4533 998 4600 deberi.

230 4635 269 4701 ln
290 4636 434 4703 Locrum
454 4638 558 4704 verbis
577 4639 758 4719 παταχίεὶς
777 4641 833 4715 τὴν
846 4638 974 4720 γνοίίον,
996 4638 1196 4720 παταχίείς,
1223 4649 1257 4702 ut
1276 4635 1357 4701 inira
1387 4624 1389 4630 '

180 4742 402 4824 ostendemus,
426 4744 570 4812 Lucum
588 4768 694 4813 errore
715 4770 775 4836 pro
796 4744 933 4826 πληγείς
952 4745 1092 4836 positum
1112 4751 1179 4824 est,
1201 4744 1257 4818 την
1278 4742 1357 4821 γνοί-
