<?xml version="1.0" encoding="UTF-8"?>
<!DOCTYPE html PUBLIC "-//W3C//DTD XHTML 1.0 Transitional//EN"
    "http://www.w3.org/TR/xhtml1/DTD/xhtml1-transitional.dtd">
<html xmlns="http://www.w3.org/1999/xhtml" xml:lang="en" lang="en">
 <head>
  <title>
</title>
<meta http-equiv="Content-Type" content="text/html;charset=utf-8" />
  <meta name='ocr-system' content='tesseract 3.04.00' />
  <meta name='ocr-capabilities' content='ocr_page ocr_carea ocr_par ocr_line ocrx_word'/>
</head>
<body>
  <div class='ocr_page' id='page_1' title='image "./variaelectiones01cobegoog_0061.png"; bbox 0 0 3309 5750; ppageno 0'>
   <div class='ocr_carea' id='block_1_1' title="bbox 751 762 789 820">
    <p class='ocr_par' dir='ltr' id='par_1_1' title="bbox 751 762 789 820">
     <span class='ocr_line' id='line_1_1' title="bbox 751 762 789 820; baseline 0 0"><span class='ocrx_word' id='word_1_1' title='bbox 751 762 789 820; x_wconf 83' lang='lat' dir='ltr'><strong>lt</strong></span> 
     </span>
    </p>
   </div>
   <div class='ocr_carea' id='block_1_2' title="bbox 132 927 1365 1652">
    <p class='ocr_par' dir='ltr' id='par_1_2' title="bbox 132 927 1365 1652">
     <span class='ocr_line' id='line_1_2' title="bbox 173 927 1363 1020; baseline 0.004 -22"><span class='ocrx_word' id='word_1_2' title='bbox 173 927 211 998; x_wconf 84' lang='lat' dir='ltr'><strong>ex</strong></span> <span class='ocrx_word' id='word_1_3' title='bbox 242 931 369 1000; x_wconf 77' lang='lat' dir='ltr'><strong>Sronnrr</strong></span> <span class='ocrx_word' id='word_1_4' title='bbox 392 932 483 1000; x_wconf 88' lang='lat' dir='ltr'><strong>libris</strong></span> <span class='ocrx_word' id='word_1_5' title='bbox 515 932 687 1020; x_wconf 75' lang='lat' dir='ltr'><strong>descripsit</strong></span> <span class='ocrx_word' id='word_1_6' title='bbox 714 941 746 997; x_wconf 90' lang='lat' dir='ltr'><strong>et</strong></span> <span class='ocrx_word' id='word_1_7' title='bbox 777 950 854 998; x_wconf 87' lang='lat' dir='ltr'><strong>oum</strong></span> <span class='ocrx_word' id='word_1_8' title='bbox 889 932 1081 1018; x_wconf 87' lang='lat' dir='ltr'><strong>scriptorum</strong></span> <span class='ocrx_word' id='word_1_9' title='bbox 1114 933 1363 1004; x_wconf 78' lang='lat' dir='ltr'><strong>Christianorum</strong></span> 
     </span>
     <span class='ocr_line' id='line_1_3' title="bbox 171 1032 1362 1129; baseline 0.007 -27"><span class='ocrx_word' id='word_1_10' title='bbox 171 1037 250 1103; x_wconf 86' lang='lat' dir='ltr'><strong>lucis</strong></span> <span class='ocrx_word' id='word_1_11' title='bbox 263 1040 452 1126; x_wconf 80' lang='lat' dir='ltr'><strong>composuit.</strong></span> <span class='ocrx_word' id='word_1_12' title='bbox 479 1039 601 1106; x_wconf 87' lang='lat' dir='ltr'><strong>Nactus</strong></span> <span class='ocrx_word' id='word_1_13' title='bbox 622 1037 750 1104; x_wconf 84' lang='lat' dir='ltr'><strong>Sromm</strong></span> <span class='ocrx_word' id='word_1_14' title='bbox 772 1032 912 1123; x_wconf 72' lang='lat' dir='ltr'><strong>licioque</strong></span> <span class='ocrx_word' id='word_1_15' title='bbox 935 1036 1037 1102; x_wconf 88' lang='lat' dir='ltr'><strong>muito</strong></span> <span class='ocrx_word' id='word_1_16' title='bbox 1061 1038 1251 1125; x_wconf 73' lang='lat' dir='ltr'><strong>integriores</strong></span> <span class='ocrx_word' id='word_1_17' title='bbox 1263 1062 1362 1129; x_wconf 84' lang='lat' dir='ltr'>quam</span> 
     </span>
     <span class='ocr_line' id='line_1_4' title="bbox 171 1142 1364 1231; baseline 0.005 -23"><span class='ocrx_word' id='word_1_18' title='bbox 171 1142 213 1208; x_wconf 91' lang='lat' dir='ltr'><strong>ad</strong></span> <span class='ocrx_word' id='word_1_19' title='bbox 237 1164 294 1208; x_wconf 91' lang='lat' dir='ltr'><strong>nos</strong></span> <span class='ocrx_word' id='word_1_20' title='bbox 328 1153 542 1230; x_wconf 87' lang='lat' dir='ltr'><strong>pervenerunt</strong></span> <span class='ocrx_word' id='word_1_21' title='bbox 570 1142 749 1231; x_wconf 84' lang='lat' dir='ltr'><strong>permultos</strong></span> <span class='ocrx_word' id='word_1_22' title='bbox 773 1142 858 1207; x_wconf 90' lang='lat' dir='ltr'><strong>iocos</strong></span> <span class='ocrx_word' id='word_1_23' title='bbox 877 1150 1024 1209; x_wconf 87' lang='lat' dir='ltr'><strong>veterum</strong></span> <span class='ocrx_word' id='word_1_24' title='bbox 1045 1145 1191 1229; x_wconf 77' lang='lat' dir='ltr'><strong>egregios</strong></span> <span class='ocrx_word' id='word_1_25' title='bbox 1217 1146 1259 1212; x_wconf 85' lang='lat' dir='ltr'><strong>ab</strong></span> <span class='ocrx_word' id='word_1_26' title='bbox 1279 1148 1364 1215; x_wconf 90' lang='lat' dir='ltr'><strong>inte·</strong></span> 
     </span>
     <span class='ocr_line' id='line_1_5' title="bbox 169 1248 1364 1335; baseline 0.008 -23"><span class='ocrx_word' id='word_1_27' title='bbox 169 1248 239 1314; x_wconf 91' lang='lat' dir='ltr'><strong>ritu</strong></span> <span class='ocrx_word' id='word_1_28' title='bbox 267 1248 353 1314; x_wconf 89' lang='lat' dir='ltr'><strong>solus</strong></span> <span class='ocrx_word' id='word_1_29' title='bbox 376 1252 526 1317; x_wconf 78' lang='lat' dir='ltr'><strong>servarit.</strong></span> <span class='ocrx_word' id='word_1_30' title='bbox 575 1250 675 1317; x_wconf 83' lang='lat' dir='ltr'><strong>Cuius</strong></span> <span class='ocrx_word' id='word_1_31' title='bbox 705 1249 753 1313; x_wconf 89' lang='lat' dir='ltr'><strong>rei</strong></span> <span class='ocrx_word' id='word_1_32' title='bbox 780 1268 882 1335; x_wconf 87' lang='lat' dir='ltr'>quum</span> <span class='ocrx_word' id='word_1_33' title='bbox 909 1248 1067 1313; x_wconf 90' lang='lat' dir='ltr'><strong>indicium</strong></span> <span class='ocrx_word' id='word_1_34' title='bbox 1103 1248 1229 1317; x_wconf 87' lang='lat' dir='ltr'><strong>iecisset</strong></span> <span class='ocrx_word' id='word_1_35' title='bbox 1255 1254 1364 1320; x_wconf 78' lang='lat' dir='ltr'>Burm-</span> 
     </span>
     <span class='ocr_line' id='line_1_6' title="bbox 132 1353 1364 1441; baseline 0.007 -24"><span class='ocrx_word' id='word_1_36' title='bbox 132 1407 133 1410; x_wconf 61' lang='grc'>,</span> <span class='ocrx_word' id='word_1_37' title='bbox 169 1372 253 1431; x_wconf 87' lang='lat' dir='ltr'><strong>urus,</strong></span> <span class='ocrx_word' id='word_1_38' title='bbox 288 1354 484 1421; x_wconf 84' lang='lat' dir='ltr'><strong>Rununamus</strong></span> <span class='ocrx_word' id='word_1_39' title='bbox 517 1353 600 1419; x_wconf 85' lang='lat' dir='ltr'><strong>nibil</strong></span> <span class='ocrx_word' id='word_1_40' title='bbox 634 1353 748 1421; x_wconf 88' lang='lat' dir='ltr'><strong>habuit</strong></span> <span class='ocrx_word' id='word_1_41' title='bbox 778 1354 944 1441; x_wconf 78' lang='lat' dir='ltr'><strong>antiquius</strong></span> <span class='ocrx_word' id='word_1_42' title='bbox 972 1374 1070 1441; x_wconf 89' lang='lat' dir='ltr'>quam</span> <span class='ocrx_word' id='word_1_43' title='bbox 1104 1362 1141 1420; x_wconf 89' lang='lat' dir='ltr'><strong>ut</strong></span> <span class='ocrx_word' id='word_1_44' title='bbox 1173 1356 1234 1422; x_wconf 91' lang='lat' dir='ltr'><strong>sibi</strong></span> <span class='ocrx_word' id='word_1_45' title='bbox 1265 1358 1364 1425; x_wconf 81' lang='lat' dir='ltr'><strong>huius</strong></span> 
     </span>
     <span class='ocr_line' id='line_1_7' title="bbox 166 1457 1364 1550; baseline 0.006 -27"><span class='ocrx_word' id='word_1_46' title='bbox 166 1457 291 1524; x_wconf 86' lang='lat' dir='ltr'><strong>codicis</strong></span> <span class='ocrx_word' id='word_1_47' title='bbox 318 1460 539 1546; x_wconf 78' lang='lat' dir='ltr'>apographum</span> <span class='ocrx_word' id='word_1_48' title='bbox 564 1466 776 1547; x_wconf 85' lang='lat' dir='ltr'><strong>compararet.</strong></span> <span class='ocrx_word' id='word_1_49' title='bbox 821 1460 898 1546; x_wconf 79' lang='lat' dir='ltr'><strong>Agit</strong></span> <span class='ocrx_word' id='word_1_50' title='bbox 928 1479 1003 1525; x_wconf 88' lang='lat' dir='ltr'><strong>curn</strong></span> <span class='ocrx_word' id='word_1_51' title='bbox 1025 1460 1189 1537; x_wconf 74' lang='lat' dir='ltr'><strong>Brunmm3</strong></span> <span class='ocrx_word' id='word_1_52' title='bbox 1211 1464 1241 1529; x_wconf 83' lang='lat' dir='ltr'><strong>is</strong></span> <span class='ocrx_word' id='word_1_53' title='bbox 1269 1482 1364 1550; x_wconf 72' lang='lat' dir='ltr'><strong>nego·</strong></span> 
     </span>
     <span class='ocr_line' id='line_1_8' title="bbox 172 1563 1365 1652; baseline 0.008 -25"><span class='ocrx_word' id='word_1_54' title='bbox 172 1563 258 1628; x_wconf 88' lang='lat' dir='ltr'><strong>tium</strong></span> <span class='ocrx_word' id='word_1_55' title='bbox 282 1563 370 1628; x_wconf 86' lang='lat' dir='ltr'><strong>dedit</strong></span> <span class='ocrx_word' id='word_1_56' title='bbox 395 1564 506 1629; x_wconf 78' lang='lat' dir='ltr'><strong>Sanno</strong></span> <span class='ocrx_word' id='word_1_57' title='bbox 526 1573 563 1631; x_wconf 90' lang='lat' dir='ltr'><strong>ut</strong></span> <span class='ocrx_word' id='word_1_58' title='bbox 583 1564 740 1652; x_wconf 84' lang='lat' dir='ltr'><strong>quidquid</strong></span> <span class='ocrx_word' id='word_1_59' title='bbox 761 1566 793 1631; x_wconf 91' lang='lat' dir='ltr'><strong>in</strong></span> <span class='ocrx_word' id='word_1_60' title='bbox 811 1584 851 1632; x_wconf 83' lang='lat' dir='ltr'><strong>eo</strong></span> <span class='ocrx_word' id='word_1_61' title='bbox 872 1564 954 1630; x_wconf 90' lang='lat' dir='ltr'><strong>libro</strong></span> <span class='ocrx_word' id='word_1_62' title='bbox 977 1564 1144 1632; x_wconf 81' lang='lat' dir='ltr'><strong>videretur</strong></span> <span class='ocrx_word' id='word_1_63' title='bbox 1168 1587 1207 1633; x_wconf 84' lang='lat' dir='ltr'><strong>er</strong></span> <span class='ocrx_word' id='word_1_64' title='bbox 1227 1568 1365 1636; x_wconf 80' lang='lat' dir='ltr'><strong>Sromro</strong></span> 
     </span>
    </p>
   </div>
   <div class='ocr_carea' id='block_1_3' title="bbox 169 1667 1474 2283">
    <p class='ocr_par' dir='ltr' id='par_1_3' title="bbox 169 1667 1474 2283">
     <span class='ocr_line' id='line_1_9' title="bbox 174 1667 1474 1761; baseline 0.008 -30"><span class='ocrx_word' id='word_1_65' title='bbox 174 1675 321 1732; x_wconf 90' lang='lat' dir='ltr'><strong>sumtum</strong></span> <span class='ocrx_word' id='word_1_66' title='bbox 349 1667 520 1755; x_wconf 74' lang='lat' dir='ltr'><strong>diiigenter</strong></span> <span class='ocrx_word' id='word_1_67' title='bbox 542 1670 758 1746; x_wconf 83' lang='lat' dir='ltr'><strong>describeret,</strong></span> <span class='ocrx_word' id='word_1_68' title='bbox 784 1670 983 1757; x_wconf 87' lang='lat' dir='ltr'><strong>descriptum</strong></span> <span class='ocrx_word' id='word_1_69' title='bbox 1014 1669 1054 1735; x_wconf 92' lang='lat' dir='ltr'><strong>ad</strong></span> <span class='ocrx_word' id='word_1_70' title='bbox 1073 1670 1276 1740; x_wconf 80' lang='lat' dir='ltr'><strong>Runnnrmmr</strong></span> <span class='ocrx_word' id='word_1_71' title='bbox 1294 1693 1365 1761; x_wconf 86' lang='lat' dir='ltr'><strong>pen·</strong></span> <span class='ocrx_word' id='word_1_72' title='bbox 1469 1674 1474 1685; x_wconf 83' lang='lat'>&#39;</span> 
     </span>
     <span class='ocr_line' id='line_1_10' title="bbox 171 1768 1366 1862; baseline 0.009 -28"><span class='ocrx_word' id='word_1_73' title='bbox 171 1768 340 1838; x_wconf 86' lang='lat' dir='ltr'><strong>ferendum</strong></span> <span class='ocrx_word' id='word_1_74' title='bbox 364 1781 504 1841; x_wconf 85' lang='lat' dir='ltr'><strong>curaret.</strong></span> <span class='ocrx_word' id='word_1_75' title='bbox 564 1774 616 1843; x_wconf 88' lang='lat' dir='ltr'><strong>Sio</strong></span> <span class='ocrx_word' id='word_1_76' title='bbox 647 1775 827 1843; x_wconf 82' lang='lat' dir='ltr'><strong>coniectum</strong></span> <span class='ocrx_word' id='word_1_77' title='bbox 852 1784 902 1842; x_wconf 89' lang='lat' dir='ltr'><strong>est</strong></span> <span class='ocrx_word' id='word_1_78' title='bbox 925 1775 1146 1862; x_wconf 80' lang='lat' dir='ltr'>apographum</span> <span class='ocrx_word' id='word_1_79' title='bbox 1179 1778 1257 1844; x_wconf 86' lang='lat' dir='ltr'><strong>iilud</strong></span> <span class='ocrx_word' id='word_1_80' title='bbox 1290 1779 1366 1845; x_wconf 85' lang='lat' dir='ltr'><strong>Sur·</strong></span> 
     </span>
     <span class='ocr_line' id='line_1_11' title="bbox 173 1876 1363 1971; baseline 0.01 -32"><span class='ocrx_word' id='word_1_81' title='bbox 173 1876 311 1955; x_wconf 80' lang='lat' dir='ltr'><strong>n&#39;cnum,</strong></span> <span class='ocrx_word' id='word_1_82' title='bbox 339 1878 423 1944; x_wconf 90' lang='lat' dir='ltr'><strong>unde</strong></span> <span class='ocrx_word' id='word_1_83' title='bbox 442 1899 541 1946; x_wconf 80' lang='lat' dir='ltr'><strong>novas</strong></span> <span class='ocrx_word' id='word_1_84' title='bbox 564 1880 622 1947; x_wconf 88' lang='lat' dir='ltr'><strong>bas</strong></span> <span class='ocrx_word' id='word_1_85' title='bbox 644 1881 796 1968; x_wconf 85' lang='lat' dir='ltr'><strong>reliquias</strong></span> <span class='ocrx_word' id='word_1_86' title='bbox 814 1882 866 1948; x_wconf 87' lang='lat' dir='ltr'><strong>bis</strong></span> <span class='ocrx_word' id='word_1_87' title='bbox 893 1881 1079 1948; x_wconf 80' lang='lat' dir='ltr'><strong>Gnsroanus</strong></span> <span class='ocrx_word' id='word_1_88' title='bbox 1100 1880 1222 1961; x_wconf 82' lang='lat' dir='ltr'><strong>edidit,</strong></span> <span class='ocrx_word' id='word_1_89' title='bbox 1245 1903 1363 1971; x_wconf 83' lang='lat' dir='ltr'><strong>nuper·</strong></span> 
     </span>
     <span class='ocr_line' id='line_1_12' title="bbox 170 1981 1362 2074; baseline 0.01 -29"><span class='ocrx_word' id='word_1_90' title='bbox 170 1981 255 2047; x_wconf 92' lang='lat' dir='ltr'><strong>rime</strong></span> <span class='ocrx_word' id='word_1_91' title='bbox 286 2002 325 2048; x_wconf 87' lang='lat' dir='ltr'><strong>ex</strong></span> <span class='ocrx_word' id='word_1_92' title='bbox 346 1985 414 2070; x_wconf 91' lang='lat' dir='ltr'><strong>ipso</strong></span> <span class='ocrx_word' id='word_1_93' title='bbox 435 1986 638 2073; x_wconf 82' lang='lat' dir='ltr'><strong>apographo,</strong></span> <span class='ocrx_word' id='word_1_94' title='bbox 666 1988 752 2074; x_wconf 87' lang='lat' dir='ltr'><strong>quod</strong></span> <span class='ocrx_word' id='word_1_95' title='bbox 772 1989 803 2055; x_wconf 90' lang='lat' dir='ltr'><strong>ei</strong></span> <span class='ocrx_word' id='word_1_96' title='bbox 827 1989 959 2055; x_wconf 75' lang='lat' dir='ltr'><strong>(imarus</strong></span> <span class='ocrx_word' id='word_1_97' title='bbox 990 1985 1139 2051; x_wconf 85' lang='lat' dir='ltr'><strong>iuvandis</strong></span> <span class='ocrx_word' id='word_1_98' title='bbox 1171 1987 1221 2053; x_wconf 87' lang='lat' dir='ltr'><strong>bis</strong></span> <span class='ocrx_word' id='word_1_99' title='bbox 1243 1988 1362 2057; x_wconf 85' lang='lat' dir='ltr'><strong>litteris</strong></span> 
     </span>
     <span class='ocr_line' id='line_1_13' title="bbox 169 2092 1363 2178; baseline 0.01 -28"><span class='ocrx_word' id='word_1_100' title='bbox 169 2094 267 2151; x_wconf 90' lang='lat' dir='ltr'><strong>natos</strong></span> <span class='ocrx_word' id='word_1_101' title='bbox 294 2092 454 2174; x_wconf 78' lang='lat' dir='ltr'><strong>peramica</strong></span> <span class='ocrx_word' id='word_1_102' title='bbox 485 2093 629 2158; x_wconf 83' lang='lat' dir='ltr'><strong>miserat.</strong></span> <span class='ocrx_word' id='word_1_103' title='bbox 688 2092 778 2159; x_wconf 79' lang='lat' dir='ltr'><strong>Fecit</strong></span> <span class='ocrx_word' id='word_1_104' title='bbox 805 2093 996 2159; x_wconf 77' lang='lat' dir='ltr'><strong>Garsroenus</strong></span> <span class='ocrx_word' id='word_1_105' title='bbox 1023 2094 1303 2178; x_wconf 90' lang='lat' dir='ltr'><strong>operaepretium</strong></span> <span class='ocrx_word' id='word_1_106' title='bbox 1330 2104 1363 2162; x_wconf 85' lang='lat' dir='ltr'><strong>et</strong></span> 
     </span>
     <span class='ocr_line' id='line_1_14' title="bbox 170 2190 1363 2283; baseline 0.009 -28"><span class='ocrx_word' id='word_1_107' title='bbox 170 2190 310 2277; x_wconf 86' lang='lat' dir='ltr'><strong>piurima</strong></span> <span class='ocrx_word' id='word_1_108' title='bbox 344 2197 505 2276; x_wconf 89' lang='lat' dir='ltr'><strong>restituit,</strong></span> <span class='ocrx_word' id='word_1_109' title='bbox 539 2218 624 2283; x_wconf 84' lang='lat' dir='ltr'><strong>quae</strong></span> <span class='ocrx_word' id='word_1_110' title='bbox 660 2197 828 2283; x_wconf 89' lang='lat' dir='ltr'><strong>inpriore</strong></span> <span class='ocrx_word' id='word_1_111' title='bbox 856 2197 995 2263; x_wconf 86' lang='lat' dir='ltr'><strong>editione</strong></span> <span class='ocrx_word' id='word_1_112' title='bbox 1030 2218 1121 2261; x_wconf 75' lang='lat' dir='ltr'><strong>»mam</strong></span> <span class='ocrx_word' id='word_1_113' title='bbox 1150 2199 1265 2264; x_wconf 77' lang='lat' dir='ltr'><strong>omisso</strong></span> <span class='ocrx_word' id='word_1_114' title='bbox 1296 2210 1363 2267; x_wconf 83' lang='lat' dir='ltr'><strong>tam</strong></span> 
     </span>
    </p>
   </div>
   <div class='ocr_carea' id='block_1_4' title="bbox 119 2299 1364 4799">
    <p class='ocr_par' dir='ltr' id='par_1_4' title="bbox 119 2299 1364 4799">
     <span class='ocr_line' id='line_1_15' title="bbox 170 2299 1361 2389; baseline 0.01 -29"><span class='ocrx_word' id='word_1_115' title='bbox 170 2299 355 2363; x_wconf 83' lang='lat' dir='ltr'><strong>commisso&#39;&#39;</strong></span> <span class='ocrx_word' id='word_1_116' title='bbox 380 2320 455 2367; x_wconf 87' lang='lat' dir='ltr'><strong>cum</strong></span> <span class='ocrx_word' id='word_1_117' title='bbox 471 2300 579 2368; x_wconf 88' lang='lat' dir='ltr'><strong>doiore</strong></span> <span class='ocrx_word' id='word_1_118' title='bbox 600 2301 694 2367; x_wconf 82' lang='lat' dir='ltr'><strong>vidit.</strong></span> <span class='ocrx_word' id='word_1_119' title='bbox 741 2300 912 2389; x_wconf 80' lang='lat' dir='ltr'><strong>Complura</strong></span> <span class='ocrx_word' id='word_1_120' title='bbox 941 2304 1003 2369; x_wconf 88' lang='lat' dir='ltr'><strong>aiia</strong></span> <span class='ocrx_word' id='word_1_121' title='bbox 1024 2304 1051 2368; x_wconf 90' lang='lat' dir='ltr'><strong>is</strong></span> <span class='ocrx_word' id='word_1_122' title='bbox 1080 2302 1166 2369; x_wconf 89' lang='lat' dir='ltr'><strong>solus</strong></span> <span class='ocrx_word' id='word_1_123' title='bbox 1188 2307 1361 2386; x_wconf 87' lang='lat' dir='ltr'><strong>restituet,</strong></span> 
     </span>
     <span class='ocr_line' id='line_1_16' title="bbox 166 2401 1361 2497; baseline 0.011 -32"><span class='ocrx_word' id='word_1_124' title='bbox 166 2401 224 2487; x_wconf 88' lang='lat' dir='ltr'><strong>qui</strong></span> <span class='ocrx_word' id='word_1_125' title='bbox 240 2402 320 2469; x_wconf 87' lang='lat' dir='ltr'><strong>bene</strong></span> <span class='ocrx_word' id='word_1_126' title='bbox 345 2405 460 2471; x_wconf 76' lang='lat' dir='ltr'><strong>Graece</strong></span> <span class='ocrx_word' id='word_1_127' title='bbox 476 2408 584 2472; x_wconf 84' lang='lat' dir='ltr'><strong>sciens</strong></span> <span class='ocrx_word' id='word_1_128' title='bbox 602 2415 637 2472; x_wconf 79' lang='lat' dir='ltr'><strong>ot</strong></span> <span class='ocrx_word' id='word_1_129' title='bbox 657 2406 804 2475; x_wconf 81' lang='lat' dir='ltr'><strong>codicum</strong></span> <span class='ocrx_word' id='word_1_130' title='bbox 828 2408 1095 2475; x_wconf 85' lang='lat' dir='ltr'><strong>excutiendorum</strong></span> <span class='ocrx_word' id='word_1_131' title='bbox 1118 2410 1361 2497; x_wconf 84' lang='lat' dir='ltr'><strong>peritusipsum</strong></span> 
     </span>
     <span class='ocr_line' id='line_1_17' title="bbox 168 2507 1362 2597; baseline 0.009 -26"><span class='ocrx_word' id='word_1_132' title='bbox 168 2507 388 2575; x_wconf 78' lang='lat' dir='ltr'><strong>Florentinum</strong></span> <span class='ocrx_word' id='word_1_133' title='bbox 421 2510 564 2577; x_wconf 84' lang='lat' dir='ltr'><strong>codicem</strong></span> <span class='ocrx_word' id='word_1_134' title='bbox 599 2531 656 2597; x_wconf 89' lang='lat' dir='ltr'><strong>per</strong></span> <span class='ocrx_word' id='word_1_135' title='bbox 685 2513 790 2578; x_wconf 86' lang='lat' dir='ltr'><strong>otium</strong></span> <span class='ocrx_word' id='word_1_136' title='bbox 818 2514 981 2578; x_wconf 85' lang='lat' dir='ltr'><strong>tractabit.</strong></span> <span class='ocrx_word' id='word_1_137' title='bbox 1041 2513 1200 2597; x_wconf 83' lang='lat' dir='ltr'><strong>Equidem</strong></span> <span class='ocrx_word' id='word_1_138' title='bbox 1237 2518 1362 2582; x_wconf 78' lang='lat' dir='ltr'><strong>uersari</strong></span> 
     </span>
     <span class='ocr_line' id='line_1_18' title="bbox 169 2613 1362 2702; baseline 0.007 -23"><span class='ocrx_word' id='word_1_139' title='bbox 169 2613 245 2680; x_wconf 85' lang='lat' dir='ltr'><strong>olim</strong></span> <span class='ocrx_word' id='word_1_140' title='bbox 268 2614 409 2693; x_wconf 87' lang='lat' dir='ltr'><strong>librum,</strong></span> <span class='ocrx_word' id='word_1_141' title='bbox 430 2615 592 2702; x_wconf 86' lang='lat' dir='ltr'><strong>scriptura</strong></span> <span class='ocrx_word' id='word_1_142' title='bbox 612 2618 705 2682; x_wconf 89' lang='lat' dir='ltr'><strong>tenui</strong></span> <span class='ocrx_word' id='word_1_143' title='bbox 727 2627 758 2684; x_wconf 87' lang='lat' dir='ltr'><strong>et</strong></span> <span class='ocrx_word' id='word_1_144' title='bbox 793 2618 996 2683; x_wconf 83' lang='lat' dir='ltr'><strong>intricatione</strong></span> <span class='ocrx_word' id='word_1_145' title='bbox 1024 2625 1194 2682; x_wconf 86' lang='lat' dir='ltr'><strong>exaratum</strong></span> <span class='ocrx_word' id='word_1_146' title='bbox 1225 2619 1281 2684; x_wconf 86' lang='lat' dir='ltr'><strong>sed</strong></span> <span class='ocrx_word' id='word_1_147' title='bbox 1298 2640 1362 2687; x_wconf 86' lang='lat' dir='ltr'><strong>uon</strong></span> 
     </span>
     <span class='ocr_line' id='line_1_19' title="bbox 169 2718 1364 2809; baseline 0.007 -26"><span class='ocrx_word' id='word_1_148' title='bbox 169 2718 344 2805; x_wconf 81' lang='lat' dir='ltr'><strong>ineleganti</strong></span> <span class='ocrx_word' id='word_1_149' title='bbox 371 2740 475 2807; x_wconf 89' lang='lat' dir='ltr'><strong>neque</strong></span> <span class='ocrx_word' id='word_1_150' title='bbox 499 2719 646 2797; x_wconf 87' lang='lat' dir='ltr'><strong>diiiiciii,</strong></span> <span class='ocrx_word' id='word_1_151' title='bbox 680 2723 708 2788; x_wconf 92' lang='lat' dir='ltr'><strong>si</strong></span> <span class='ocrx_word' id='word_1_152' title='bbox 740 2723 813 2809; x_wconf 91' lang='lat' dir='ltr'><strong>quis</strong></span> <span class='ocrx_word' id='word_1_153' title='bbox 840 2721 900 2787; x_wconf 89' lang='lat' dir='ltr'><strong>boo</strong></span> <span class='ocrx_word' id='word_1_154' title='bbox 923 2721 992 2807; x_wconf 83' lang='lat' dir='ltr'><strong>agit</strong></span> <span class='ocrx_word' id='word_1_155' title='bbox 1028 2730 1059 2788; x_wconf 89' lang='lat' dir='ltr'><strong>et</strong></span> <span class='ocrx_word' id='word_1_156' title='bbox 1087 2722 1190 2788; x_wconf 87' lang='lat' dir='ltr'><strong>aciem</strong></span> <span class='ocrx_word' id='word_1_157' title='bbox 1224 2724 1364 2791; x_wconf 88' lang='lat' dir='ltr'><strong>intendit</strong></span> 
     </span>
     <span class='ocr_line' id='line_1_20' title="bbox 166 2824 1360 2914; baseline 0.005 -22"><span class='ocrx_word' id='word_1_158' title='bbox 166 2824 337 2892; x_wconf 86' lang='lat' dir='ltr'><strong>oculorum</strong></span> <span class='ocrx_word' id='word_1_159' title='bbox 369 2834 401 2892; x_wconf 91' lang='lat' dir='ltr'><strong>et</strong></span> <span class='ocrx_word' id='word_1_160' title='bbox 429 2828 562 2903; x_wconf 83' lang='lat' dir='ltr'><strong>mentis3</strong></span> <span class='ocrx_word' id='word_1_161' title='bbox 598 2826 655 2894; x_wconf 93' lang='lat' dir='ltr'><strong>sed</strong></span> <span class='ocrx_word' id='word_1_162' title='bbox 687 2826 772 2895; x_wconf 90' lang='lat' dir='ltr'><strong>unde</strong></span> <span class='ocrx_word' id='word_1_163' title='bbox 797 2827 872 2914; x_wconf 90' lang='lat' dir='ltr'><strong>quis</strong></span> <span class='ocrx_word' id='word_1_164' title='bbox 901 2827 1080 2894; x_wconf 81' lang='lat' dir='ltr'><strong>Florentiae</strong></span> <span class='ocrx_word' id='word_1_165' title='bbox 1109 2827 1170 2893; x_wconf 86' lang='lat' dir='ltr'><strong>sibi</strong></span> <span class='ocrx_word' id='word_1_166' title='bbox 1199 2828 1360 2898; x_wconf 83' lang='lat' dir='ltr'><strong>Gnsronnr</strong></span> 
     </span>
     <span class='ocr_line' id='line_1_21' title="bbox 164 2931 1360 3024; baseline 0.003 -26"><span class='ocrx_word' id='word_1_167' title='bbox 164 2931 329 2998; x_wconf 80' lang='lat' dir='ltr'><strong>Snonnuuu</strong></span> <span class='ocrx_word' id='word_1_168' title='bbox 353 2933 538 3020; x_wconf 77' lang='lat' dir='ltr'><strong>comparet?</strong></span> <span class='ocrx_word' id='word_1_169' title='bbox 574 2932 678 3000; x_wconf 69' lang='grc' dir='ltr'><strong><em>πάλαι</em></strong></span> <span class='ocrx_word' id='word_1_170' title='bbox 702 2937 773 3000; x_wconf 82' lang='grc' dir='ltr'><strong>ποτ’</strong></span> <span class='ocrx_word' id='word_1_171' title='bbox 797 2931 876 3011; x_wconf 73' lang='grc' dir='ltr'><strong>ἦσαν</strong></span> <span class='ocrx_word' id='word_1_172' title='bbox 896 2932 1023 3013; x_wconf 72' lang='grc' dir='ltr'><strong>ἄλκιμοι</strong></span> <span class='ocrx_word' id='word_1_173' title='bbox 1046 2936 1216 3013; x_wconf 77' lang='grc' dir='ltr'><strong><em>Μιλήσιοι,</em></strong></span> <span class='ocrx_word' id='word_1_174' title='bbox 1237 2934 1360 3024; x_wconf 69' lang='lat' dir='ltr'><strong>Appon·</strong></span> 
     </span>
     <span class='ocr_line' id='line_1_22' title="bbox 168 3038 1359 3130; baseline 0.006 -27"><span class='ocrx_word' id='word_1_175' title='bbox 168 3039 271 3104; x_wconf 83' lang='lat' dir='ltr'><strong>dicem</strong></span> <span class='ocrx_word' id='word_1_176' title='bbox 289 3038 505 3104; x_wconf 76' lang='lat' dir='ltr'><strong>Florentinum</strong></span> <span class='ocrx_word' id='word_1_177' title='bbox 527 3039 632 3105; x_wconf 88' lang='lat' dir='ltr'><strong>ubivis</strong></span> <span class='ocrx_word' id='word_1_178' title='bbox 664 3039 792 3106; x_wconf 84' lang='lat' dir='ltr'><strong>iacibius</strong></span> <span class='ocrx_word' id='word_1_179' title='bbox 815 3059 911 3125; x_wconf 84' lang='lat' dir='ltr'>quam</span> <span class='ocrx_word' id='word_1_180' title='bbox 935 3039 1022 3126; x_wconf 84' lang='lat' dir='ltr'><strong>apud</strong></span> <span class='ocrx_word' id='word_1_181' title='bbox 1047 3041 1244 3107; x_wconf 75' lang='lat' dir='ltr'><strong>Flormatinos</strong></span> <span class='ocrx_word' id='word_1_182' title='bbox 1268 3061 1359 3130; x_wconf 83' lang='lat' dir='ltr'><strong>repe·</strong></span> 
     </span>
     <span class='ocr_line' id='line_1_23' title="bbox 167 3143 1359 3232; baseline 0.005 -22"><span class='ocrx_word' id='word_1_183' title='bbox 167 3143 268 3210; x_wconf 79' lang='lat' dir='ltr'><strong>reris·</strong></span> <span class='ocrx_word' id='word_1_184' title='bbox 321 3143 433 3230; x_wconf 87' lang='lat' dir='ltr'><strong>Itaque</strong></span> <span class='ocrx_word' id='word_1_185' title='bbox 467 3145 611 3222; x_wconf 87' lang='lat' dir='ltr'><strong>invitus,</strong></span> <span class='ocrx_word' id='word_1_186' title='bbox 642 3154 812 3232; x_wconf 88' lang='lat' dir='ltr'><strong>postquam</strong></span> <span class='ocrx_word' id='word_1_187' title='bbox 843 3144 1065 3232; x_wconf 82' lang='lat' dir='ltr'><strong>compluscula</strong></span> <span class='ocrx_word' id='word_1_188' title='bbox 1099 3167 1161 3212; x_wconf 92' lang='lat' dir='ltr'><strong>non</strong></span> <span class='ocrx_word' id='word_1_189' title='bbox 1195 3147 1359 3216; x_wconf 81' lang='lat' dir='ltr'><strong>incuriose</strong></span> 
     </span>
     <span class='ocr_line' id='line_1_24' title="bbox 166 3248 1356 3339; baseline 0.003 -24"><span class='ocrx_word' id='word_1_190' title='bbox 166 3248 361 3336; x_wconf 77' lang='lat' dir='ltr'><strong>perlustrari</strong></span> <span class='ocrx_word' id='word_1_191' title='bbox 395 3257 426 3315; x_wconf 88' lang='lat' dir='ltr'><strong>et</strong></span> <span class='ocrx_word' id='word_1_192' title='bbox 444 3252 553 3315; x_wconf 83' lang='lat' dir='ltr'><strong>notavi</strong></span> <span class='ocrx_word' id='word_1_193' title='bbox 578 3249 786 3337; x_wconf 81' lang='lat' dir='ltr'><strong>diligentius,</strong></span> <span class='ocrx_word' id='word_1_194' title='bbox 815 3250 934 3316; x_wconf 84' lang='lat' dir='ltr'><strong>librum</strong></span> <span class='ocrx_word' id='word_1_195' title='bbox 962 3250 1004 3317; x_wconf 86' lang='lat' dir='ltr'><strong>de</strong></span> <span class='ocrx_word' id='word_1_196' title='bbox 1031 3252 1180 3317; x_wconf 88' lang='lat' dir='ltr'><strong>manibus</strong></span> <span class='ocrx_word' id='word_1_197' title='bbox 1214 3251 1356 3339; x_wconf 81' lang='lat' dir='ltr'><strong>deposui.</strong></span> 
     </span>
     <span class='ocr_line' id='line_1_25' title="bbox 168 3354 1359 3444; baseline 0.002 -23"><span class='ocrx_word' id='word_1_198' title='bbox 168 3354 298 3421; x_wconf 77' lang='lat' dir='ltr'><strong>Snnrrus</strong></span> <span class='ocrx_word' id='word_1_199' title='bbox 317 3354 592 3440; x_wconf 69' lang='lat' dir='ltr'><strong>quaemadmodum</strong></span> <span class='ocrx_word' id='word_1_200' title='bbox 625 3354 826 3421; x_wconf 88' lang='lat' dir='ltr'><strong>describendi</strong></span> <span class='ocrx_word' id='word_1_201' title='bbox 850 3356 976 3441; x_wconf 82' lang='lat' dir='ltr'><strong>negotio</strong></span> <span class='ocrx_word' id='word_1_202' title='bbox 997 3355 1129 3423; x_wconf 86' lang='lat' dir='ltr'><strong>iunctus</strong></span> <span class='ocrx_word' id='word_1_203' title='bbox 1153 3356 1251 3423; x_wconf 75' lang='lat' dir='ltr'><strong>sumit</strong></span> <span class='ocrx_word' id='word_1_204' title='bbox 1275 3358 1359 3444; x_wconf 77' lang='lat' dir='ltr'><strong>quid</strong></span> 
     </span>
     <span class='ocr_line' id='line_1_26' title="bbox 165 3459 1358 3547; baseline 0.001 -19"><span class='ocrx_word' id='word_1_205' title='bbox 165 3461 283 3528; x_wconf 85' lang='lat' dir='ltr'><strong>attinet</strong></span> <span class='ocrx_word' id='word_1_206' title='bbox 305 3459 438 3525; x_wconf 82' lang='lat' dir='ltr'><strong>dicere?</strong></span> <span class='ocrx_word' id='word_1_207' title='bbox 474 3459 564 3525; x_wconf 76' lang='lat' dir='ltr'><strong>Facit</strong></span> <span class='ocrx_word' id='word_1_208' title='bbox 592 3459 687 3525; x_wconf 87' lang='lat' dir='ltr'><strong>homo</strong></span> <span class='ocrx_word' id='word_1_209' title='bbox 708 3460 811 3525; x_wconf 90' lang='lat' dir='ltr'><strong>bouus</strong></span> <span class='ocrx_word' id='word_1_210' title='bbox 829 3467 862 3525; x_wconf 87' lang='lat' dir='ltr'><strong>et</strong></span> <span class='ocrx_word' id='word_1_211' title='bbox 889 3459 1020 3525; x_wconf 77' lang='lat' dir='ltr'><strong>sedulus</strong></span> <span class='ocrx_word' id='word_1_212' title='bbox 1039 3461 1126 3545; x_wconf 84' lang='lat' dir='ltr'><strong>quod</strong></span> <span class='ocrx_word' id='word_1_213' title='bbox 1150 3463 1277 3547; x_wconf 72' lang='lat' dir='ltr'><strong>potnit,</strong></span> <span class='ocrx_word' id='word_1_214' title='bbox 1302 3462 1358 3529; x_wconf 81' lang='lat' dir='ltr'><strong>sed</strong></span> 
     </span>
     <span class='ocr_line' id='line_1_27' title="bbox 163 3563 1358 3652; baseline -0.001 -19"><span class='ocrx_word' id='word_1_215' title='bbox 163 3585 272 3652; x_wconf 84' lang='lat' dir='ltr'><strong>neque</strong></span> <span class='ocrx_word' id='word_1_216' title='bbox 300 3565 414 3630; x_wconf 83' lang='lat' dir='ltr'><strong>Graece</strong></span> <span class='ocrx_word' id='word_1_217' title='bbox 436 3565 542 3629; x_wconf 87' lang='lat' dir='ltr'><strong>sciens</strong></span> <span class='ocrx_word' id='word_1_218' title='bbox 570 3584 676 3650; x_wconf 86' lang='lat' dir='ltr'><strong>neque</strong></span> <span class='ocrx_word' id='word_1_219' title='bbox 695 3565 729 3629; x_wconf 87' lang='lat' dir='ltr'><strong>in</strong></span> <span class='ocrx_word' id='word_1_220' title='bbox 747 3564 917 3630; x_wconf 81' lang='lat' dir='ltr'><strong>codicibus</strong></span> <span class='ocrx_word' id='word_1_221' title='bbox 936 3563 1103 3629; x_wconf 85' lang='lat' dir='ltr'><strong>versandis</strong></span> <span class='ocrx_word' id='word_1_222' title='bbox 1128 3573 1160 3630; x_wconf 90' lang='lat' dir='ltr'><strong>et</strong></span> <span class='ocrx_word' id='word_1_223' title='bbox 1185 3564 1358 3650; x_wconf 64' lang='lat' dir='ltr'><strong>errpedieu⁴</strong></span> 
     </span>
     <span class='ocr_line' id='line_1_28' title="bbox 167 3668 1359 3758; baseline -0.004 -19"><span class='ocrx_word' id='word_1_224' title='bbox 167 3673 216 3739; x_wconf 93' lang='lat' dir='ltr'><strong>dis</strong></span> <span class='ocrx_word' id='word_1_225' title='bbox 241 3672 439 3737; x_wconf 84' lang='lat' dir='ltr'><strong>exercitatus</strong></span> <span class='ocrx_word' id='word_1_226' title='bbox 467 3669 651 3735; x_wconf 87' lang='lat' dir='ltr'><strong>istiusmodi</strong></span> <span class='ocrx_word' id='word_1_227' title='bbox 678 3670 862 3758; x_wconf 85' lang='lat' dir='ltr'><strong>provinciae</strong></span> <span class='ocrx_word' id='word_1_228' title='bbox 885 3676 955 3736; x_wconf 84' lang='lat' dir='ltr'><strong>erat</strong></span> <span class='ocrx_word' id='word_1_229' title='bbox 978 3670 1083 3755; x_wconf 87' lang='lat' dir='ltr'><strong>impar</strong></span> <span class='ocrx_word' id='word_1_230' title='bbox 1111 3676 1143 3734; x_wconf 90' lang='lat' dir='ltr'><strong>et</strong></span> <span class='ocrx_word' id='word_1_231' title='bbox 1165 3668 1284 3734; x_wconf 84' lang='lat' dir='ltr'><strong>multos</strong></span> <span class='ocrx_word' id='word_1_232' title='bbox 1307 3688 1359 3735; x_wconf 92' lang='lat' dir='ltr'><strong>er·</strong></span> 
     </span>
     <span class='ocr_line' id='line_1_29' title="bbox 163 3773 1357 3862; baseline -0.003 -17"><span class='ocrx_word' id='word_1_233' title='bbox 163 3797 254 3845; x_wconf 91' lang='lat' dir='ltr'><strong>rores</strong></span> <span class='ocrx_word' id='word_1_234' title='bbox 279 3775 457 3853; x_wconf 89' lang='lat' dir='ltr'><strong>commisit,</strong></span> <span class='ocrx_word' id='word_1_235' title='bbox 482 3795 563 3860; x_wconf 88' lang='lat' dir='ltr'><strong>quos</strong></span> <span class='ocrx_word' id='word_1_236' title='bbox 588 3777 707 3862; x_wconf 89' lang='lat' dir='ltr'><strong>partim</strong></span> <span class='ocrx_word' id='word_1_237' title='bbox 730 3776 846 3842; x_wconf 83' lang='lat' dir='ltr'><strong>critica</strong></span> <span class='ocrx_word' id='word_1_238' title='bbox 874 3795 926 3842; x_wconf 92' lang='lat' dir='ltr'><strong>ars</strong></span> <span class='ocrx_word' id='word_1_239' title='bbox 951 3774 1057 3852; x_wconf 83' lang='lat' dir='ltr'><strong>tobiet,</strong></span> <span class='ocrx_word' id='word_1_240' title='bbox 1087 3774 1165 3841; x_wconf 91' lang='lat' dir='ltr'><strong>alios</strong></span> <span class='ocrx_word' id='word_1_241' title='bbox 1185 3773 1285 3841; x_wconf 86' lang='lat' dir='ltr'><strong>codex</strong></span> <span class='ocrx_word' id='word_1_242' title='bbox 1309 3776 1357 3842; x_wconf 88' lang='lat' dir='ltr'><strong>in·</strong></span> 
     </span>
     <span class='ocr_line' id='line_1_30' title="bbox 163 3880 1357 3972; baseline -0.002 -22"><span class='ocrx_word' id='word_1_243' title='bbox 163 3889 295 3972; x_wconf 86' lang='lat' dir='ltr'><strong>spectus</strong></span> <span class='ocrx_word' id='word_1_244' title='bbox 319 3880 490 3967; x_wconf 86' lang='lat' dir='ltr'><strong>aliquando</strong></span> <span class='ocrx_word' id='word_1_245' title='bbox 514 3889 638 3967; x_wconf 83' lang='lat' dir='ltr'><strong>arguet.</strong></span> <span class='ocrx_word' id='word_1_246' title='bbox 687 3881 735 3948; x_wconf 82' lang='lat' dir='ltr'><strong>Ex</strong></span> <span class='ocrx_word' id='word_1_247' title='bbox 762 3881 815 3946; x_wconf 90' lang='lat' dir='ltr'><strong>iiio</strong></span> <span class='ocrx_word' id='word_1_248' title='bbox 834 3901 953 3968; x_wconf 80' lang='lat' dir='ltr'><strong>genere</strong></span> <span class='ocrx_word' id='word_1_249' title='bbox 980 3901 1068 3947; x_wconf 89' lang='lat' dir='ltr'><strong>nuno</strong></span> <span class='ocrx_word' id='word_1_250' title='bbox 1094 3882 1162 3968; x_wconf 91' lang='lat' dir='ltr'><strong>ipse</strong></span> <span class='ocrx_word' id='word_1_251' title='bbox 1186 3880 1357 3948; x_wconf 83' lang='lat' dir='ltr'><strong>nonnullos</strong></span> 
     </span>
     <span class='ocr_line' id='line_1_31' title="bbox 161 3985 1354 4074; baseline -0.001 -18"><span class='ocrx_word' id='word_1_252' title='bbox 161 3986 366 4072; x_wconf 79' lang='lat' dir='ltr'><strong>abstergebo,</strong></span> <span class='ocrx_word' id='word_1_253' title='bbox 397 3986 450 4052; x_wconf 93' lang='lat' dir='ltr'><strong>ubi</strong></span> <span class='ocrx_word' id='word_1_254' title='bbox 479 3987 621 4073; x_wconf 89' lang='lat' dir='ltr'><strong>primum</strong></span> <span class='ocrx_word' id='word_1_255' title='bbox 655 3985 775 4054; x_wconf 88' lang='lat' dir='ltr'><strong>iontem</strong></span> <span class='ocrx_word' id='word_1_256' title='bbox 800 3987 972 4074; x_wconf 85' lang='lat' dir='ltr'><strong>quemdam</strong></span> <span class='ocrx_word' id='word_1_257' title='bbox 1004 4006 1160 4074; x_wconf 90' lang='lat' dir='ltr'><strong>aperuero</strong></span> <span class='ocrx_word' id='word_1_258' title='bbox 1187 4006 1354 4067; x_wconf 88' lang='lat' dir='ltr'><strong>errorum,</strong></span> 
     </span>
     <span class='ocr_line' id='line_1_32' title="bbox 156 4091 1356 4182; baseline -0.002 -21"><span class='ocrx_word' id='word_1_259' title='bbox 156 4094 280 4182; x_wconf 76' lang='lat' dir='ltr'><strong>quibus</strong></span> <span class='ocrx_word' id='word_1_260' title='bbox 306 4092 390 4158; x_wconf 84' lang='lat' dir='ltr'><strong>iiber</strong></span> <span class='ocrx_word' id='word_1_261' title='bbox 417 4100 505 4158; x_wconf 87' lang='lat' dir='ltr'><strong>totus</strong></span> <span class='ocrx_word' id='word_1_262' title='bbox 530 4101 578 4159; x_wconf 89' lang='lat' dir='ltr'><strong>est</strong></span> <span class='ocrx_word' id='word_1_263' title='bbox 600 4093 734 4160; x_wconf 86' lang='lat' dir='ltr'><strong>obsitus.</strong></span> <span class='ocrx_word' id='word_1_264' title='bbox 783 4094 820 4159; x_wconf 83' lang='lat' dir='ltr'><strong>ln</strong></span> <span class='ocrx_word' id='word_1_265' title='bbox 844 4112 1083 4180; x_wconf 86' lang='lat' dir='ltr'><strong>quemcumque</strong></span> <span class='ocrx_word' id='word_1_266' title='bbox 1105 4091 1212 4158; x_wconf 89' lang='lat' dir='ltr'><strong>iocum</strong></span> <span class='ocrx_word' id='word_1_267' title='bbox 1235 4092 1356 4159; x_wconf 85' lang='lat' dir='ltr'><strong>codicis</strong></span> 
     </span>
     <span class='ocr_line' id='line_1_33' title="bbox 159 4197 1354 4286; baseline -0.001 -20"><span class='ocrx_word' id='word_1_268' title='bbox 159 4201 306 4286; x_wconf 88' lang='lat' dir='ltr'><strong>primum</strong></span> <span class='ocrx_word' id='word_1_269' title='bbox 329 4198 501 4276; x_wconf 82' lang='lat' dir='ltr'><strong>incideris,</strong></span> <span class='ocrx_word' id='word_1_270' title='bbox 526 4197 646 4264; x_wconf 89' lang='lat' dir='ltr'><strong>ridebis</strong></span> <span class='ocrx_word' id='word_1_271' title='bbox 672 4200 792 4286; x_wconf 87' lang='lat' dir='ltr'><strong>passim</strong></span> <span class='ocrx_word' id='word_1_272' title='bbox 812 4199 934 4266; x_wconf 83' lang='lat' dir='ltr'><strong>bitteris</strong></span> <span class='ocrx_word' id='word_1_273' title='bbox 958 4197 1131 4265; x_wconf 88' lang='lat' dir='ltr'><strong>rubricatis</strong></span> <span class='ocrx_word' id='word_1_274' title='bbox 1151 4197 1354 4265; x_wconf 80' lang='lat' dir='ltr'><strong>distinctum.</strong></span> 
     </span>
     <span class='ocr_line' id='line_1_34' title="bbox 159 4303 1355 4390; baseline -0.001 -19"><span class='ocrx_word' id='word_1_275' title='bbox 159 4304 229 4371; x_wconf 88' lang='lat' dir='ltr'><strong>Non</strong></span> <span class='ocrx_word' id='word_1_276' title='bbox 250 4311 398 4380; x_wconf 88' lang='lat' dir='ltr'><strong>tantum,</strong></span> <span class='ocrx_word' id='word_1_277' title='bbox 427 4303 512 4390; x_wconf 88' lang='lat' dir='ltr'><strong>quod</strong></span> <span class='ocrx_word' id='word_1_278' title='bbox 543 4305 674 4383; x_wconf 86' lang='lat' dir='ltr'><strong>assolet,</strong></span> <span class='ocrx_word' id='word_1_279' title='bbox 709 4305 782 4370; x_wconf 85' lang='lat' dir='ltr'><strong>nori</strong></span> <span class='ocrx_word' id='word_1_280' title='bbox 818 4305 1002 4390; x_wconf 80' lang='lat' dir='ltr'><strong>argumenti</strong></span> <span class='ocrx_word' id='word_1_281' title='bbox 1027 4312 1082 4370; x_wconf 88' lang='lat' dir='ltr'><strong>aut</strong></span> <span class='ocrx_word' id='word_1_282' title='bbox 1110 4303 1171 4368; x_wconf 89' lang='lat' dir='ltr'><strong>ioci</strong></span> <span class='ocrx_word' id='word_1_283' title='bbox 1199 4310 1255 4368; x_wconf 89' lang='lat' dir='ltr'><strong>aut</strong></span> <span class='ocrx_word' id='word_1_284' title='bbox 1285 4323 1355 4370; x_wconf 87' lang='lat' dir='ltr'><strong>sen·</strong></span> 
     </span>
     <span class='ocr_line' id='line_1_35' title="bbox 160 4408 1354 4490; baseline -0.002 -12"><span class='ocrx_word' id='word_1_285' title='bbox 160 4412 283 4478; x_wconf 87' lang='lat' dir='ltr'><strong>tentiae</strong></span> <span class='ocrx_word' id='word_1_286' title='bbox 304 4409 436 4475; x_wconf 90' lang='lat' dir='ltr'><strong>initium</strong></span> <span class='ocrx_word' id='word_1_287' title='bbox 456 4409 585 4475; x_wconf 88' lang='lat' dir='ltr'><strong>rubrica</strong></span> <span class='ocrx_word' id='word_1_288' title='bbox 607 4419 762 4490; x_wconf 85' lang='lat' dir='ltr'><strong>notatur,</strong></span> <span class='ocrx_word' id='word_1_289' title='bbox 786 4409 842 4475; x_wconf 86' lang='lat' dir='ltr'><strong>sod</strong></span> <span class='ocrx_word' id='word_1_290' title='bbox 865 4410 1041 4476; x_wconf 86' lang='lat' dir='ltr'><strong>identidem</strong></span> <span class='ocrx_word' id='word_1_291' title='bbox 1061 4409 1095 4473; x_wconf 94' lang='lat' dir='ltr'><strong>in</strong></span> <span class='ocrx_word' id='word_1_292' title='bbox 1120 4408 1225 4476; x_wconf 91' lang='lat' dir='ltr'><strong>medio</strong></span> <span class='ocrx_word' id='word_1_293' title='bbox 1257 4427 1354 4476; x_wconf 74' lang='lat' dir='ltr'><strong>uersu</strong></span> 
     </span>
     <span class='ocr_line' id='line_1_36' title="bbox 163 4514 1355 4606; baseline -0.003 -22"><span class='ocrx_word' id='word_1_294' title='bbox 163 4524 297 4606; x_wconf 87' lang='lat' dir='ltr'><strong>apparet</strong></span> <span class='ocrx_word' id='word_1_295' title='bbox 320 4515 428 4580; x_wconf 89' lang='lat' dir='ltr'><strong>littera</strong></span> <span class='ocrx_word' id='word_1_296' title='bbox 446 4514 604 4593; x_wconf 84' lang='lat' dir='ltr'><strong>discolor,</strong></span> <span class='ocrx_word' id='word_1_297' title='bbox 625 4524 662 4582; x_wconf 94' lang='lat' dir='ltr'><strong>ut</strong></span> <span class='ocrx_word' id='word_1_298' title='bbox 685 4515 796 4583; x_wconf 88' lang='lat' dir='ltr'><strong>eredas</strong></span> <span class='ocrx_word' id='word_1_299' title='bbox 824 4535 895 4582; x_wconf 90' lang='lat' dir='ltr'><strong>eam</strong></span> <span class='ocrx_word' id='word_1_300' title='bbox 919 4535 988 4581; x_wconf 87' lang='lat' dir='ltr'><strong>rem</strong></span> <span class='ocrx_word' id='word_1_301' title='bbox 1014 4523 1070 4580; x_wconf 91' lang='lat' dir='ltr'><strong>aut</strong></span> <span class='ocrx_word' id='word_1_302' title='bbox 1091 4515 1152 4581; x_wconf 88' lang='lat' dir='ltr'><strong>ioci</strong></span> <span class='ocrx_word' id='word_1_303' title='bbox 1177 4533 1275 4580; x_wconf 89' lang='lat' dir='ltr'><strong>causa</strong></span> <span class='ocrx_word' id='word_1_304' title='bbox 1294 4522 1355 4581; x_wconf 87' lang='lat' dir='ltr'><strong>aut</strong></span> 
     </span>
     <span class='ocr_line' id='line_1_37' title="bbox 163 4621 1354 4708; baseline -0.005 -18"><span class='ocrx_word' id='word_1_305' title='bbox 163 4624 245 4692; x_wconf 87' lang='lat' dir='ltr'><strong>iorte</strong></span> <span class='ocrx_word' id='word_1_306' title='bbox 265 4623 448 4690; x_wconf 85' lang='lat' dir='ltr'><strong>ornamenti</strong></span> <span class='ocrx_word' id='word_1_307' title='bbox 471 4621 602 4687; x_wconf 86' lang='lat' dir='ltr'><strong>librario</strong></span> <span class='ocrx_word' id='word_1_308' title='bbox 623 4621 791 4708; x_wconf 84' lang='lat' dir='ltr'><strong>piacuisse.</strong></span> <span class='ocrx_word' id='word_1_309' title='bbox 840 4621 908 4686; x_wconf 91' lang='lat' dir='ltr'><strong>Non</strong></span> <span class='ocrx_word' id='word_1_310' title='bbox 935 4629 1041 4686; x_wconf 86' lang='lat' dir='ltr'><strong>movet</strong></span> <span class='ocrx_word' id='word_1_311' title='bbox 1059 4640 1101 4687; x_wconf 88' lang='lat' dir='ltr'><strong>ea</strong></span> <span class='ocrx_word' id='word_1_312' title='bbox 1120 4640 1172 4685; x_wconf 88' lang='lat' dir='ltr'><strong>res</strong></span> <span class='ocrx_word' id='word_1_313' title='bbox 1202 4639 1354 4706; x_wconf 83' lang='lat' dir='ltr'><strong>magnam</strong></span> 
     </span>
     <span class='ocr_line' id='line_1_38' title="bbox 119 4723 1356 4799; baseline -0.007 -1"><span class='ocrx_word' id='word_1_314' title='bbox 119 4755 129 4762; x_wconf 83' lang='lat'><em>·</em></span> <span class='ocrx_word' id='word_1_315' title='bbox 164 4725 411 4799; x_wconf 87' lang='lat' dir='ltr'><strong>admirationem</strong></span> <span class='ocrx_word' id='word_1_316' title='bbox 439 4747 497 4795; x_wconf 89' lang='lat' dir='ltr'><strong>neo</strong></span> <span class='ocrx_word' id='word_1_317' title='bbox 520 4725 660 4794; x_wconf 86' lang='lat' dir='ltr'><strong>muitum</strong></span> <span class='ocrx_word' id='word_1_318' title='bbox 692 4727 875 4794; x_wconf 82' lang='lat' dir='ltr'><strong>iaimramus</strong></span> <span class='ocrx_word' id='word_1_319' title='bbox 899 4743 959 4793; x_wconf 87' lang='lat' dir='ltr'><strong>our</strong></span> <span class='ocrx_word' id='word_1_320' title='bbox 987 4725 1018 4792; x_wconf 90' lang='lat' dir='ltr'><strong>id</strong></span> <span class='ocrx_word' id='word_1_321' title='bbox 1052 4727 1091 4792; x_wconf 92' lang='lat' dir='ltr'><strong>iis</strong></span> <span class='ocrx_word' id='word_1_322' title='bbox 1124 4724 1231 4791; x_wconf 89' lang='lat' dir='ltr'><strong>studio</strong></span> <span class='ocrx_word' id='word_1_323' title='bbox 1257 4723 1356 4789; x_wconf 84' lang='lat' dir='ltr'><strong>tuerit</strong></span> 
     </span>
    </p>
   </div>
   <div class='ocr_carea' id='block_1_5' title="bbox 0 0 1660 5750">
    <p class='ocr_par' dir='ltr' id='par_1_5' title="bbox 0 0 1660 5750">
     <span class='ocr_line' id='line_1_39' title="bbox 0 0 1660 5750; baseline 0 4"><span class='ocrx_word' id='word_1_324' title='bbox 0 0 1660 5750; x_wconf 95' lang='lat' dir='ltr'><strong> </strong></span> 
     </span>
    </p>
   </div>
  </div>
 </body>
</html>
