3309 5750
861 620 925 682 aut

305 821 444 897 ἔπεμπον
467 817 498 882 δὲ
520 813 771 895 ἐπειρησομένους
798 813 825 876 εί
852 809 1110 892 καταχρησονται
1136 808 1198 881 την
1224 807 1426 891 ὑποζάκορον
1447 814 1495 874 τῶν

306 927 357 989 05:
339 950 396 1000 ον,
437 922 493 987 ubi
537 922 676 1011 optimus
715 916 822 984 Codex
862 914 1011 982 Archias
1047 914 1341 994 καταχρήσωνται
1380 915 1496 980 servarit

311 1030 405 1095 solus,

357 1134 460 1223 ddp.
487 1135 559 1198 138.
587 1128 939 1211 Υοιδιιιιιὺιιοψανείν,
962 1124 1050 1215 quod
1067 1124 1302 1192 Pnttmcuus
1323 1128 1447 1217 optrme
1460 1152 1495 1192 ιιι

309 1251 516 1331 terpretatur,
540 1237 581 1302 ab
601 1259 640 1303 eo
658 1245 800 1302 sumtum
820 1244 869 1298 est
888 1254 924 1296 ex
948 1230 1195 1297 dutsrut’unuts
1216 1232 1496 1299 Aelana-nemum

281 1364 284 1370 '
314 1371 358 1413 rs.
383 1349 458 1415 812.
963 1399 966 1406 .

467 1446 649 1522 οὐδ’,ίιλλορ
673 1446 835 1527 ἀνθρώπων
859 1444 1025 1523 ὑποψωνῶν
1049 1466 1084 1506 σε
1107 1452 1262 1520 σημανεῖ
1286 1469 1335 1510 τι.

312 1556 402 1621 cuius
426 1556 513 1622 uerbi
531 1554 609 1619 duas
631 1549 908 1642 interpretationes
930 1546 1125 1615 Scholiastae
1144 1546 1352 1636 proferunt,
1379 1550 1497 1616 alteram

314 1688 427 1728 vanam
458 1675 489 1728 et
515 1660 644 1737 salsam,
673 1659 804 1723 alteram
828 1676 934 1721 veram
955 1663 1142 1729 etcertum,
1167 1651 1225 1718 sed
1247 1656 1370 1722 miuus
1394 1656 1499 1747 perspi·

315 1792 374 1835 cue
403 1781 435 1833 et
467 1768 582 1832 diserte
610 1763 776 1852 scriptam,
810 1782 908 1849 quam
932 1757 1018 1847 apud
1038 1757 1276 1825 Puurtttcuun
1303 1774 1370 1828 est.
1423 1760 1498 1854 Apud

314 1875 542 1939 Pnururcnuu
563 1889 707 1959 quoque,
739 1879 773 1930 ut
794 1864 877 1955 apud
904 1864 1074 1940 Pnormu,
1101 1865 1271 1952 permulta
1296 1866 1499 1958 leguntnrer

226 2057 233 2068 ⁹
314 1979 453 2067 antiquis
484 1979 516 2042 iu
548 1978 806 2042 tnrsroruaum
836 1969 976 2038 Sclroliis
1009 1981 1173 2059 expromta
1204 1971 1330 2039 multis
1367 1974 1498 2066 partibus
1542 1977 1544 2006 ³

316 2082 492 2148 melioru''
473 2105 524 2160 us,
548 2104 631 2170 quoe
654 2100 741 2143 nuuc
765 2076 1044 2142 circumferuntur.

366 2187 412 2251 dd
442 2212 513 2277 pag.
539 2191 611 2252 tul.
660 2182 939 2269 Quemadmodum
971 2192 1017 2247 ΑΙ
1045 2194 1076 2247 et
1103 2189 1134 2245 N
1163 2133 1448 2266 confunduntur,
1469 2187 1500 2251 sic

318 2292 478 2358 interdum
496 2316 554 2383 pro
572 2300 602 2355 N
623 2292 656 2356 in
676 2290 778 2357 Codd.
799 2300 844 2355 ΔΙ
863 2290 1019 2380 scriptum
1038 2299 1096 2355 cst
1121 2288 1276 2355 Psauno-
1282 2292 1543 2360 dulsrcmu

315 2399 382 2479 τερί
407 2398 587 2478 ίαομασίοιν
611 2395 820 2475 οὶκοοσμιίτοιν
851 2416 919 2484 cup.
938 2411 1004 2459 xcv
1033 2392 1073 2458 de
1095 2403 1190 2462 antro
1214 2392 1376 2485 Sibyllae
1398 2398 1500 2465 Guma-

319 2528 378 2571 nae
399 2506 540 2571 scribens
560 2502 666 2569 addit:
690 2506 798 2567 τοῦτον
823 2501 854 2565 δὲ
876 2501 927 2564 τὸν
949 2497 1043 2564 τόπον
1065 2497 1200 2576 ’λέγεται
1225 2503 1438 2581 νεανιεύεσθαι
1456 2504 1500 2568 tet

318 2611 512 2685 Λευκαδίων,
547 2608 633 2675 unde
664 2606 797 2679 mirifica
826 2604 867 2674 de
896 2601 1129 2668 leucadiorum
1157 2603 1293 2682 colonia
1322 2609 1409 2675 olim
1438 2609 1500 2673 illoc

321 2716 458 2783 deducta
484 2715 572 2781 docti
591 2713 737 2780 homines
755 2709 1044 2778 commotisunt·
1075 2708 1113 2774 In
1134 2715 1418 2780 ΛΕΤΚΑΔΙΩΝ
1439 2714 1501 2780 lato·

322 2825 377 2890 hat
406 2828 651 2889 ΛΕΥΚΑΝΩΝ
676 2817 889 2905 (Λευκανῶν),
920 2838 1000 2906 quos
1020 2838 1115 2883 nemo
1133 2826 1259 2907 partem
1282 2822 1357 2911 agri
1380 2819 1500 2890 Cumani

325 2926 498 3017 aliquando
524 2947 695 3014 occupasse
720 2920 896 2986 mirabitur.

369 3031 419 3097 Ad
448 3056 518 3120 pag.
542 3034 613 3094 151.
665 3028 834 3092 llanilesto
862 3049 968 3093 errore
995 3027 1129 3108 χλαμύσ
1159 3040 1192 3094 ct
1221 3032 1349 3111 χλανίς
1381 3036 1500 3102 conluu

328 3151 401 3206 sunt
422 3137 508 3228 apud
528 3137 762 3203 Peurnncuun
781 3134 823 3199 de
843 3132 950 3200 Genio
969 3133 1123 3200 Soa-atie
1142 3159 1173 3224 p.
1196 3140 1262 3202 583
1284 3150 1328 3204 ιι..
1341 3142 1395 3206 σοί
1421 3132 1498 3219 δὲ,ιί

325 3245 446 3327 τιίτερ,
480 3241 641 3316 Μιλησίαν
671 3239 877 3320 χλαμύδα,
909 3249 949 3322 τη
974 3241 1005 3305 δὲ
1029 3239 1122 3320 μητρί
1148 3245 1380 3324 παραλουργὸν
1406 3242 1500 3320 ὠνησί

327 3353 409 3435 μεία
430 3350 588 3431 χιτώνιον,
623 3359 656 3412 et
683 3347 724 3412 de
751 3345 947 3413 Alexandri
965 3351 1091 3411 vertute
1117 3369 1149 3434 p.
1171 3349 1239 3412 330
1259 3364 1292 3412 c.
1323 3349 1500 3430 Ἀρίςιτσα

222 3474 226 3479 ·
327 3454 518 3537 θκνμοίζονσι
548 3452 600 3516 τὸν
630 3452 848 3534 Σωκρατικὸν,
882 3446 928 3516 ἔτι
955 3451 1008 3515 καὶ·
1034 3449 1158 3530 τρίβωνι
1182 3451 1260 3530 λιτῷ
1282 3452 1340 3518 καὶ
1368 3452 1501 3534 Μιληοίρ

327 3558 506 3641 χλαμύδι
533 3580 587 3637 χρ
577 3557 690 3635 σίςμενο
712 3557 750 3621 δι
776 3554 1003 3636 αμφοτὲροιν’
988 3552 1141 3632 ετήρειτδ
1164 3551 1341 3632 εὔσχημον.
1383 3555 1503 3625 Πωλί-

332 3687 396 3755 que
416 3663 522 3728 cultus
543 3661 718 3751 elegantior
737 3670 769 3725 et
791 3659 921 3726 mollior
940 3658 1150 3748 significatur,
1179 3657 1291 3748 itaque
1312 3665 1461 3783 χλαινῶν
1477 3671 1503 3727 et

333 3771 461 3853 χλανίδι
483 3767 719 3833 emendandum
740 3779 796 3832 est.

378 3872 429 3942 dd
448 3898 519 3964 pag.
543 3880 613 3940 153.
661 3872 889 3939 Aduerbium‘
877 3896 972 3937 εκοντι
970 3868 1273 3959 'ritiosclegitur
1264 3888 1298 3937 tu
1319 3871 1436 3964 lepido
1454 3873 1506 3941 Se·

334 3974 474 4045 Phocus
502 3979 606 4055 dieto,
640 3998 740 4065 quum
774 3999 876 4044 senex¹
898 3974 1070 4042 admodum
1100 3975 1135 4040 in
1166 3974 1325 4043 iudicium
1358 3981 1507 4047 adductus

336 4093 436 4160 esset,
460 4081 546 4170 apud
569 4081 801 4145 dulescentum
825 4081 858 4144 in
878 4079 1071 4147 Rhetoricis
1090 4079 1148 4146 lll.
1171 4086 1223 4149 15.
1255 4089 1432 4166 Σοφοκλῆς
1456 4087 1508 4169 ἔφη

336 4188 474 4268 τρέμειν,
500 4187 560 4266 οὐχ
582 4187 619 4258 ὡς
642 4185 655 4249 ὁ
674 4183 858 4263 διαβάλλειν
881 4183 959 4266 ἔφη,
980 4183 1031 4250 ίνα
1049 4186 1120 4269 δοκῇ
1138 4185 1234 4267 γέρον
1258 4187 1338 4253 αλλ’
1357 4192 1397 4269 ἐξ
1416 4190 1510 4272 ciseiu-

338 4317 405 4367 κης.
438 4293 470 4356 οὐ
495 4289 556 4371 γαρ
577 4290 701 4355 ἑκοντὶ
729 4285 807 4355 εἶναι
835 4291 920 4371 αὐτῷ
945 4288 998 4365 ἔτη
1025 4291 1230 4368 ὀγδοήκοντα,
1253 4288 1512 4377 Saracenas‚si

340 4396 526 4490 quisalius,
550 4396 704 4465 Ἀττικιςί
728 4394 818 4485 loqui
840 4396 967 4474 solitus,
991 4395 1112 4461 dixerat
1131 4394 1242 4463 ἑκόντι.

388 4503 434 4570 ld
457 4526 526 4594 pag.
549 4503 621 4566 163.
647 4501 691 4566 Ut
711 4501 796 4591 apud
814 4502 1061 4568 quol’nouruu
1077 4499 1170 4576 σκειίη
1182 4523 1241 4590 pro
1250 4506 1366 4582 σκευήν
1378 4506 1515 4598 irrepsit,

339 4613 451 4679 eodem
483 4607 595 4687 modo,
619 4620 674 4673 aut
693 4609 791 4685 etiam
810 4610 901 4699 peius
919 4608 1043 4674 luborat
1062 4606 1150 4670 locus
1181 4605 1352 4678 Poenum
1375 4620 1413 4692 5,
1434 4616 1471 4691 8,
1486 4613 1514 4676 2.

340 4717 497 4792 Λεπτίνης
522 4716 577 4788 την
601 4713 678 4779 ἰδίαν
700 4715 792 4788 ςολην
824 4712 1011 4791 οὶτοίὲμενος
1031 4711 1092 4785 Ικαί
1119 4710 1227 4788 λαβὼν
1254 4718 1375 4783 αὐτοῦ
1403 4717 1514 4789 σκεύη
