3309 5750
858 664 927 728 226

304 863 442 933 restituit
470 860 650 941 πέπλυται,
684 845 792 949 neque
819 858 989 949 quisquam
1017 858 1164 926 adhunc
1188 858 1298 929 luceru
1319 860 1487 933 dubitabit

302 981 430 1037 mecum
460 951 631 1035 emendare
663 965 913 1032 tntiartioistam
942 969 1094 1035 Btmnv
1123 968 1249 1036 Anecd.
1281 969 1311 1037 1.
1343 995 1379 1061 p.
1409 979 1486 1055 112,

303 1080 356 1142 29.
381 1076 621 1141 τέταυνταιι
650 1075 686 1138 τὸ
715 1069 929 1147 wandalusia.
960 1074 974 1138 ὃ
999 1074 1095 1147 αὐτὸς
1121 1074 1342 1164 (Δεινόλοχος)
1368 1087 1486 1162 Kapp-

301 1181 506 1264 ὃιτραγιρδία.
531 1172 618 1244 certa
636 1176 818 1244 emendatio
840 1188 887 1242 cst
908 1179 1098 1257 τὲτλυνται.
1155 1180 1240 1265 Quid
1267 1193 1382 1249 autem
1412 1183 1484 1252 cau-

301 1307 353 1351 sae
376 1297 422 1351 est
443 1305 501 1349 cur
521 1284 690 1350 vehemens
713 1282 932 1347 Atticistarum
953 1282 1148 1354 adversarius
1170 1284 1232 1350 hoc
1253 1292 1482 1358 annotaverit?

301 1390 428 1481 Nempe
457 1391 570 1457 eadem
602 1391 680 1456 olim
709 1388 796 1480 apud
828 1388 999 1455 Graeculos
1028 1392 1241 1457 controversia
1270 1390 1355 1475 fuit,
1387 1419 1482 1488 quam

300 1495 519 1564 scarrrrros
545 1497 578 1561 ll
601 1496 637 1562 ll.
673 1494 777 1585 attigit
807 1494 847 1560 de
882 1495 1032 1561 formis
1023 1520 1057 1562 m
1089 1517 1203 1578 -νται,
1229 1509 1341 1566 uuum
1376 1525 1482 1571 omnes

300 1603 469 1694 singularis
487 1595 631 1681 numeri,
650 1624 691 1666 an
710 1597 849 1665 subinde
866 1612 898 1666 et
916 1596 1049 1692 pluralis
1068 1615 1182 1670 essent.
1201 1605 1373 1684 Atticistae
1395 1610 1479 1701 quod

299 1732 410 1777 verum
428 1725 496 1778 erat
516 1712 694 1778 docebant:
718 1710 906 1790 κέκρανται,
932 1709 1112 1791 πέφανται,
1135 1710 1283 1792 ἕξανται,
1309 1714 1480 1796 τεθίρμαν-

298 1840 352 1881 ται
359 1818 595 1897 ,ταρώξυνται,
615 1816 877 1895 λελάμπρυνται,
894 1814 1109 1895 πεπέρανται,
1127 1814 1344 1897 μεμίλυνται,
1368 1816 1479 1900 τετριί

296 1943 432 2001 χυνται,
445 1921 635 2004 ἐξήρανται
676 1932 708 1985 et
743 1918 857 1986 similia
895 1920 1002 1985 omnia
1038 1942 1106 1987 esse
1143 1917 1313 2012 singularis
1344 1922 1479 1991 numeri.

299 2013 529 2114 Obloqu‘ituri
547 2027 807 2103 ’Arvavvtarsisr
829 2024 862 2089 iu
880 2041 949 2115 'quo
969 2022 1042 2116 plus
1057 2039 1105 2092 est
1125 2019 1317 2094 eruditionis
1339 2025 1433 2118 (si
1395 2028 1478 2096 vatia

209 2162 213 2165 ⁴
297 2142 331 2196 et
353 2130 465 2197 diffusa
484 2130 580 2197 lectio
600 2130 787 2196 eonomine
809 2130 905 2219 digna
925 2140 985 2215 ast)
1008 2153 1106 2221 quam
1126 2127 1238 2200 iudicii
1256 2146 1290 2199 et
1311 2131 1479 2202 acuminis.

299 2235 457 2304 Admovet
479 2227 644 2327 tamquam
661 2232 844 2301 machinam
865 2253 957 2301 suurn
979 2238 1158 2302 αίτλυνται
1167 2241 1291 2329 ,quasi
1311 2240 1358 2306 sic
1379 2249 1477 2332 nego·

297 2331 379 2413 tium
406 2331 590 2411 coniectum
619 2354 714 2409 esset:
743 2341 851 2432 atqui,
881 2337 1025 2422 abone,
1048 2340 1089 2406 de
1110 2344 1280 2423 τέτλυμαι
1302 2341 1397 2411 nulla
1417 2346 1477 2414 iuit

298 2471 451 2553 umquam
480 2439 639 2518 dubitatio
671 2472 777 2541 neque
806 2447 846 2514 de
875 2448 967 2530 κρίνα
990 2448 1154 2529 κέκριμαι,
1184 2448 1278 2516 ιιλινυ
1304 2452 1477 2532 κέαλιμαι,

295 2546 383 2620 osvo!
405 2558 563 2638 τ,ίταμαι
584 2557 771 2649 penultimis
790 2548 955 2645 correptis.
980 2554 1028 2619 De
1047 2565 1169 2619 caetera
1190 2551 1283 2645 copia
1304 2556 1477 2625 verborum

296 2658 328 2724 in
351 2661 443 2727 -αίνω
468 2676 501 2729 et
529 2665 622 2744 -ιίνα,
654 2662 733 2728 cedo
755 2660 835 2727 milri
854 2682 950 2727 unam
973 2655 1142 2726 formant
1133 2682 1201 2724 vn·
1186 2684 1296 2727 ·ανται
1318 2675 1352 2728 et
1366 2682 1477 2731 υνται

296 2758 381 2857 apud
411 2768 595 2859 probatum
613 2768 819 2858 scriptorem,
851 2787 934 2868 quae
959 2787 1025 2831 non
1048 2766 1090 2830 sit
1109 2762 1276 2855 singularis
1291 2769 1429 2834 numen'
1445 2780 1478 2835 et

295 2871 419 2962 aliquid
452 2877 565 2942 dixisse
595 2875 761 2942 videberis.
810 2872 857 2940 si
875 2872 947 2964 quis
971 2872 1068 2938 inter
1081 2864 1260 2962 legendum
1283 2870 1479 2968 compererit

296 2990 419 3044 certum
440 2992 472 3047 et
488 2993 699 3072 perpetuum
705 3001 772 3045 esse
791 2978 890 3044 huno
901 2997 1012 3057 usum,
1037 2997 1134 3069 quem
1155 2976 1368 3061 vindicamus,
1398 3002 1477 3062 oon·

296 3092 417 3147 temnet
444 3094 640 3176 poetastros,
674 3085 860 3152 Graeculos*
878 3095 911 3149 et
938 3083 1073 3163 scribas,
1104 3084 1161 3174 qui
1182 3107 1220 3150 ex
1245 3085 1376 3153 inscitia
1395 3108 1475 3155 cou-

295 3184 475 3256 fuudcbaut
494 3192 566 3257 illas
587 3192 704 3257 fortnas
721 3203 776 3262 aut
796 3190 1022 3281 depravabant.
1064 3188 1135 3254 alii
1156 3192 1242 3258 euim
1261 3194 1422 3284 putabant
1437 3193 1474 3259 iu

294 3291 333 3359 iis
353 3296 387 3360 τὸ
416 3296 516 3377 τρίτον
542 3296 701 3378 τρίσατιν
730 3301 788 3361 τῶν
814 3296 917 3360 ἑνικῶν
943 3294 1103 3377 ὁμόφωνον
1126 3292 1205 3361 είναι
1227 3302 1270 3380 τῷ
1294 3300 1388 3381 τρίτῳ
1413 3305 1474 3365 τῶν

292 3390 505 3475 τλνίυντικιῖιν
527 3403 566 3474 ὥς
589 3403 625 3467 τὸ
645 3394 888 3483 ἐξίρανταιααὶ
914 3398 1137 3483 κατῄσχυν’ται
1153 3401 1216 3470 ,καὶ
1239 3400 1302 3468 ὅσα
1320 3409 1473 3484 τοιαῦτα,

294 3516 330 3570 ut
350 3502 652 3573 aitSclaoliasta'ad
677 3501 817 3573 Ρίκίαια
841 3529 882 3573 ιι.
904 3509 980 3572 635.
1002 3517 1034 3570 et
1057 3504 1121 3570 hoc
1141 3505 1273 3597 quidem
1295 3530 1397 3598 genus
1421 3510 1474 3574 in·

293 3600 424 3678 noxium
440 3626 503 3691 est;
522 3610 576 3678 alii
592 3611 767 3678 credebant
781 3613 899 3678 iormas
913 3609 1175 3692 λελάμπρυνται,
1195 3613 1344 3694 ἔξανται,
1360 3616 1475 3695 ἀτίμ-

292 3718 445 3796 βλυνται,
468 3718 698 3796 ατίμβλυντο,
722 3717 921 3796 βεβαίννται
946 3738 1014 3782 esse
1028 3718 1184 3807 pluralis
1204 3721 1331 3786 numeri
1353 3733 1386 3787 et
1407 3719 1474 3788 ato-

293 3821 359 3887 lide
378 3823 619 3912 interpolabant
639 3821 730 3886 locos
746 3843 875 3899 omnes,
904 3821 961 3886 ubi
980 3825 1179 3912 singularia
1197 3847 1265 3890 esse
1284 3841 1476 3916 appareret,

293 3927 385 3992 cuius
405 3929 451 3992 rei
472 3928 595 4018 egregia
616 3926 759 4016 exempla
780 3922 997 3992 Scbasvnnus
1017 3928 1164 4017 collegit,
1188 3939 1244 3994 aut
1263 3927 1385 3998 enims
1403 3926 1475 3998 eris

292 4030 424 4097 mebant
444 4043 477 4096 et
498 4031 632 4096 barbare
651 4026 832 4096 scribebant
855 4031 1097 4114 λελιίμτρυται,
1124 4037 1339 4116 ἁτήμβλυτι,
1363 4031 1472 4117 βεβαί-

292 4136 399 4214 iares,
432 4149 488 4201 aut
517 4137 696 4203 subiectum
725 4131 885 4226 singulare
915 4140 1063 4227 pervim
1090 4140 1123 4205 in
1142 4141 1276 4231 plurale
1290 4143 1472 4212 mutabant.

292 4238 459 4320 κέκρανται
480 4242 626 4325 τυμφιμ
607 4268 629 4307 α
648 4243 681 4307 iu
701 4243 868 4308 Ειιιιιιιιιιι
886 4238 1129 4333 depravarunt
1120 4270 1153 4312 m
1175 4248 1353 4331 συμφοραί,
1386 4249 1469 4316 etin

292 4343 401 4409 iocoso
420 4346 579 4413 versiculo
596 4348 636 4414 do
656 4341 784 4415 senibus
805 4351 1016 4418 amatoribus:

449 4450 487 4518 da
510 4456 604 4536 ἰσχὺς
628 4457 686 4536 μὲν
709 4458 982 4537 ἀπήμβλυνταιί
986 4459 1061 4537 opis
1030 4458 1116 4523 ibi
1140 4464 1277 4542 μενοινᾷ.

293 4555 420 4625 ,Adusta
441 4557 511 4626 XV.
532 4585 563 4650 p.
584 4565 649 4626 592
669 4582 701 4629 ι.
725 4554 1016 4639 ιιίὶἰατιίμβλυται
1038 4560 1198 4643 scribunt,
1223 4562 1277 4627 alii
1297 4557 1372 4645 ἆίρκ,
1399 4565 1469 4632 Ett-

293 4654 465 4732 amulus
482 4666 569 4748 ιύραί
598 4667 701 4749 dedit,
735 4679 771 4734 ut
799 4664 951 4759 pluralis
967 4660 1201 4747 ἀπήμβλυνται
1232 4669 1355 4736 scilicet
1386 4671 1469 4737 ratio

293 4762 474 4841 constaret?
504 4769 623 4842 Verum
644 4773 771 4844 videtur
789 4772 941 4859 ripis-ais
965 4771 1211 4857 ἀπήμβλυνται,
1245 4772 1283 4842 lu
1300 4775 1469 4867 ‚Odyssea
