3309 5750
737 598 801 682 355

175 830 329 911 perpetua
357 838 439 907 quae
467 812 645 905 posuimus:
678 810 810 875 τύπτειν
839 820 978 900 utroque
1005 832 1097 876 sensu
1124 810 1240 900 legitur
1263 807 1350 898 apud

141 990 148 1003 ,
178 948 287 991 omnes
307 935 339 989 et
356 923 505 996 τυπτήσω
528 919 679 1007 frequens
698 925 755 980 est.
800 914 1055 983 151515551555
1075 916 1109 980 15
1126 916 1231 982 Pluto
1250 917 1304 979 21.

377 1028 410 1091 οὐ
433 1023 496 1105 γάρ
519 1048 561 1102 με
584 1022 755 1096 τυπτήσεις
779 1019 916 1102 ςέΦσινον
940 1018 1058 1101 ἔχοντῶ
1081 1046 1132 1099 γε.

177 1133 262 1200 unde
278 1133 425 1199 Pronus
443 1139 589 1195 annotat:
608 1126 792 1200 τυπτήσειςι
815 1124 1045 1205 οὕτωλέγουσι
1062 1126 1097 1191 τὸ
1114 1126 1243 1204 μέλλον.
1269 1128 1351 1205 Ἀρι·
1395 1198 1398 1201 ,

175 1238 327 1322 ςσφοὶνής.
350 1236 404 1303 sed
425 1257 535 1302 omnes
552 1234 597 1298 ita
616 1230 844 1321 loquebantur.
877 1229 1066 1295 Audivimus
1085 1230 1154 1296 iam'
1170 1230 1350 1295 Pastorum

176 1343 338 1409 dicentem
367 1342 423 1406 κου’
452 1364 487 1405 σε
513 1337 771 1412 1σωςτυπτήσει.
819 1334 860 1400 15
888 1335 1037 1402 Nubibus
1061 1347 1269 1428 opponuntur
1289 1360 1351 1402 sss.

180 1454 266 1518 1443
290 1460 323 1513 et
349 1451 446 1515 1448.

421 1553 476 1626 τήν
500 1549 610 1632 μητέρ’
630 1546 732 1629 ῶσπερ
757 1547 809 1612 κοῶ
837 1549 871 1612 σὲ
895 1551 1056 1625 τυπτήσω.

176 1674 208 1727 51
227 1660 282 1735 τήν
305 1658 413 1740 μητέρ’
438 1658 476 1729 ῶς
497 1656 628 1722 τύπτειν
653 1654 764 1735 χρεῶν.
812 1652 851 1718 ln
881 1654 1045 1719 Psarottls
1069 1655 1204 1746 Hippon
1223 1660 1350 1720 maiore

173 1791 205 1858 p,
229 1768 293 1831 292
313 1783 344 1829 ts.
363 1771 600 1852 componuntur
620 1759 674 1824 κοῶ
691 1758 786 1831 ωὐτὸς
802 1758 905 1838 olorem
921 1760 1046 1832 δικαίως
1059 1758 1097 1825 ἂν
1113 1760 1300 1825 τύπτεσήοιι.
1312 1798 1350 1809 -

174 1872 191 1947 ή
219 1869 271 1935 uari
296 1868 335 1933 συ’
360 1893 402 1947 με
424 1866 548 1947 ἄκριτον
572 1866 761 1940 τυπτήσειςς
793 1875 826 1929 51
847 1864 995 1930 55555151
1018 1864 1057 1930 ῶν
1082 1864 1195 1938 atltae
1218 1865 1349 1944 πλήγσὶς

172 1975 306 2053 bedain
332 1984 365 2037 et
383 1972 417 2037 in
438 1970 601 2037 Midicca
620 1992 651 2058 p.
671 1970 749 2035 580.
773 1969 905 2053 νομίζεις
922 1971 1007 2047 ἡμᾶς
1030 1972 1088 2049 μὲν
1101 1969 1267 2048 οένέξεσήωί
1278 1994 1350 2049 σου,

174 2082 267 2151 oriris
297 2080 328 2144 δὲ
357 2080 545 2152 τυπτήσειν;
579 2086 611 2140 51
630 2099 661 2165 p.
683 2080 758 2143 585.
789 2074 961 2143 πεπίςευκε
986 2086 1026 2158 τή
1056 2074 1202 2157 πολιτείᾳ
1229 2074 1350 2153 μήδένον

174 2184 267 2247 αὐτὸν
292 2181 393 2259 ἕλξειν
416 2184 489 2259 μήδ’
510 2181 627 2259 ὑβριεῖν
649 2181 728 2258 ponii
751 2182 935 2255 τυπτήσειν.
984 2180 1021 2246 15
1048 2178 1165 2269 quibus
1186 2178 1283 2257 15515,
1312 2190 1350 2243 51

174 2289 209 2353 15
227 2287 298 2352 51115
316 2287 491 2364 similibus,
515 2284 673 2350 55115551
696 2285 800 2374 optio:
834 2284 938 2350 solum
958 2289 1107 2360 τυπτήσω
1128 2296 1214 2350 recte
1234 2282 1351 2361 habet,

175 2392 278 2457 oration
310 2405 342 2457 et
371 2391 506 2470 πωτῶξω
536 2389 624 2456 aliud
653 2388 732 2479 quid
761 2389 952 2479 significant.
1007 2386 1122 2477 ltaque
1152 2389 1353 2478 negligenter

175 2497 319 2562 Mouuts:
348 2498 561 2571 τυπτήσειν
588 2497 757 2569 Ἀττικῶς,
782 2494 938 2559 ποιίσειν
962 2496 1171 2568 Ἑλληνικῶς,
1197 2494 1272 2583 quia
1293 2496 1352 2560 ista

174 2626 240 2668 non
270 2602 425 2681 dialecto,
454 2623 518 2665 non
551 2610 674 2681 aetate,
707 2599 762 2664 sed
791 2620 885 2664 sensu
906 2599 1080 2664 differunt·
1116 2598 1258 2664 doristus
1279 2602 1350 2665 ἐτύ-

173 2732 299 2785 πτήσσο,
334 2720 370 2772 51
398 2705 549 2784 diximus,
581 2725 739 2796 nusquam
760 2704 878 2794 legitur
896 2703 982 2794 apud
1003 2716 1125 2771 veteres
1149 2716 1181 2771 et
1199 2705 1351 2795 probatos

175 2814 358 2904 scriptores:
395 2812 543 2880 Graeculi
576 2825 730 2902 usurpent
756 2809 1030 2902 quemadmodum
1056 2811 1352 2887 51τετήπτήκοιοιι

172 2921 320 2994 τυπτήσω
348 2918 533 2984 formatum.
582 2916 737 3007 Exempla
766 2916 903 2981 Locros
931 2915 971 2979 ad
999 2915 1184 2982 Pnnrntcn.
1212 2941 1244 3007 p.
1272 2920 1349 2985 764.

171 3046 272 3114 pauca
292 3026 449 3115 quaedam
469 3023 649 3102 annotarit,
673 3023 729 3115 qui
749 3023 901 3088 credebat
917 3044 1065 3113 praesens
1085 3023 1209 3088 τυπτέω
1228 3024 1351 3089 alicubi

171 3129 302 3220 reperiri
321 3154 427 3222 posse..
457 3129 554 3220 Copia
575 3141 623 3195 est
641 3127 727 3218 apud
747 3128 823 3195 istos
842 3128 1026 3218 scriptores,
1044 3129 1101 3218 qni
1119 3127 1243 3218 indigni
1259 3131 1348 3196 lectu

171 3247 259 3312 sunt,
285 3249 320 3300 ut
340 3236 425 3325 apud
445 3234 670 3325 poetastrum,
684 3232 725 3298 de
747 3256 813 3323 quo
834 3256 929 3323 supra
947 3235 1099 3313 diximus,
1119 3235 1151 3299 in
1173 3235 1345 3302 fabula2l.

393 3338 535 3416 τιμῶντή
558 3361 594 3402 σε
616 3337 679 3419 γὰρ
704 3339 789 3402 οὐδὲν
812 3338 1046 3420 ῶφέλήσοὶομε
1172 3341 1179 3357 “
1348 3348 1351 3354 ’

393 3443 604 3517 τυπτήσωντσι
628 3442 658 3506 δὲ
684 3449 814 3514 πολλοῖς
837 3450 948 3513 κοιλοῑς
971 3442 1107 3522 ήροείψω.

170 3545 208 3612 15
233 3549 477 3613 Amsrorssrns
499 3546 648 3613 Nubibus
673 3569 715 3611 rs.
742 3550 839 3612 1391.
932 3595 935 3600 .

260 3652 313 3718 κοῶ
337 3654 431 3733 πρῶτ’
455 3649 605 3732 ἐρήσομωί
628 3675 663 3714 σε
686 3651 786 3715 τουτί·
809 3646 912 3717 ποιῶσί
935 3654 971 3730 μ’
994 3650 1056 3717 ὄντ’
1081 3652 1234 3728 irus-rm

168 3782 272 3850 neque
292 3781 479 3825 numerosus
500 3776 609 3824 sersus
627 3769 675 3823 est
693 3769 725 3824 et
746 3757 842 3824 rerba
862 3779 927 3822 non
949 3759 1024 3823 55115
1044 3759 1205 3849 expedita:
1233 3760 1343 3850 legen·

168 3864 247 3930 dum
271 3887 401 3931 censeo:
802 3868 805 3873 ’

257 3971 309 4034 κοῶ
335 3973 429 4051 πρῶτ’
452 3970 601 4052 ἐρήσοροοοίΙ
624 3962 660 4035 σε
683 3972 780 4043 τοῦτ’,
805 3971 839 4034 οὐ
864 3968 967 4036 aaran
989 3973 1026 4049 μ’
1049 3971 1111 4036 ὄντ’
1136 3970 1286 4045 ἔτυπτες;

168 4074 202 4141 in
223 4075 350 4164 optimis
373 4075 462 4140 libris
481 4076 678 4142 Ravennate
697 4086 729 4142 et
745 4076 875 4140 Veneto
892 4087 939 4141 est
958 4076 1060 4144 πωῖδῶ
1075 4079 1111 4155 μ’
1125 4076 1187 4142 ὄντ’
1205 4079 1342 4153 ε’τήπτή-

167 4202 238 4252 σοις.
274 4180 323 4246 En
344 4181 523 4270 praeclaros
545 4192 639 4246 testes
657 4181 873 4271 antiquitatis!
897 4181 1017 4246 bonurn
1038 4182 1178 4259 iactum,
1202 4182 1288 4271 qnod
1308 4182 1342 4247 in

166 4291 261 4373 poe'ta
284 4288 402 4353 nemini
423 4289 589 4378 imponere
612 4299 797 4377 potuerunt.
830 4282 1252 4361 111ἐτήπτήσω1ιυι1ιυιυιιι
1276 4300 1340 4365 est,

167 4389 350 4458 sicionios
372 4393 445 4459 55115
466 4405 513 4458 551
533 4393 701 4481 frequens,
718 4392 860 4457 crebrius
882 4391 1038 4456 tamenin
1059 4391 1190 4458 lonibns
1209 4405 1241 4457 et
1262 4393 1340 4457 Tra-

165 4496 242 4584 gicis
262 4509 293 4561 et
316 4499 538 4566 Xuttcrnotttn
558 4511 706 4590 apparet,
729 4522 825 4588 quam
845 4498 879 4562 in
898 4521 1043 4563 sermone
1065 4498 1223 4590 populari.
1244 4497 1338 4562 llaud

167 4600 261 4668 facile
281 4605 367 4669 enirn
387 4606 524 4696 reperias
544 4604 629 4696 apud
651 4628 720 4685 eos,
737 4605 794 4696 qui
808 4605 919 4693 lingua
934 4588 1048 4696 populi
1063 4618 1213 4681 utuntur,
1229 4602 1338 4670 locum

167 4706 400 4798 Xenophonteo
429 4711 563 4780 similem
592 4714 697 4782 Anah.
727 4711 762 4780 V.
792 4730 863 4778 rut.
887 4714 949 4778 12..
971 4717 1079 4784 τοῦτον
1109 4712 1140 4776 δὲ
1167 4709 1338 4788 ἀνέκραγον
