3309 5750
848 664 913 726 324
982 713 984 716 .

293 874 394 927 etaras
417 856 471 924 sed
492 859 711 941 ἀναφανῆναι,
743 857 775 921 in
796 879 863 946 qno
883 856 982 923 verbo
1000 854 1153 947 patefacti
1170 854 1287 920 erroris
1307 852 1362 920 rel
1383 851 1470 919 fran-

292 968 341 1033 dis
363 966 451 1031 notio
471 964 599 1043 subest,
621 976 657 1030 ut
677 964 710 1028 in
729 963 895 1029 Puarouls
915 962 1067 1053 Sympos.
1088 987 1122 1053 p.
1145 965 1206 1029 185
1228 981 1261 1029 λ.
1283 960 1470 1042 ἀναφανέν-

290 1096 343 1144 τος
366 1076 421 1135 τοῦ
446 1072 556 1152 έραςοῦ
575 1070 723 1145 πένητος,
745 1080 777 1136 et
794 1069 901 1135 iocose
921 1070 955 1134 in
975 1068 1058 1160 Rep.
1078 1067 1105 1136 Ι.
1127 1091 1161 1157 p.
1181 1070 1246 1134 334
1268 1086 1303 1131 Δ.
1325 1064 1467 1139 κλέπτης

291 1176 353 1259 ἀρα
379 1201 426 1249 τις
454 1176 469 1239 ὁ
499 1176 614 1248 δίκαιος
640 1176 887 1255 ἀναπέφανται,
911 1186 944 1240 et
963 1197 1057 1265 saepe
1075 1171 1161 1264 apud
1180 1170 1344 1240 Oratores.
1380 1172 1472 1257 §390

291 1282 342 1347 ἐπὶ
368 1282 474 1361 πολλῷ
497 1280 668 1365 ε’πριάμην,
691 1280 853 1369 aequiores
871 1304 931 1371 pro
951 1285 1082 1345 πολλοῦ.
1117 1277 1156 1344 In
1174 1284 1235 1356 54,
1255 1282 1287 1343 3.
1308 1276 1384 1346 τοὺς
1402 1272 1468 1338 ε’λέ-

290 1392 418 1467 φαντας
453 1385 662 1463 ἐπισάξαντες
695 1386 747 1450 καὶ
778 1387 849 1458 τοὺς
875 1388 1013 1467 πύργους
1046 1384 1226 1463 ἀναθέμενοι
1252 1384 1305 1447 ἔπ’
1332 1380 1465 1457 αὐτούς,

290 1494 375 1560 mele
393 1515 452 1582 pro
471 1492 648 1561 ἀναθέντες.
698 1489 736 1555 ln
758 1491 941 1581 Equilibus
963 1514 1009 1555 vs.
1033 1492 1129 1554 1056.

438 1579 494 1662 θοαέ
516 1620 552 1660 κε
576 1596 654 1673 yonis
678 1598 764 1678 Φέροο
788 1596 887 1677 ἀχθος
910 1595 980 1664 έπεθ
1002 1617 1054 1660 κεν
1076 1595 1151 1674 ἀνὴρ
1175 1590 1318 1668 ἀναθείη.

291 1726 411 1795 repone
441 1701 681 1768 coniunctivum
706 1701 844 1783 ἀναθείη.
880 1700 917 1767 Ιο]
939 1708 956 1789 §
979 1704 1038 1779 59,
1059 1703 1089 1765 2.
1112 1697 1259 1780 ἀπέφηνε
1283 1698 1343 1772 την
1367 1696 1465 1777 Τθμυ

290 1808 449 1877 ἀπθςατου
480 1809 515 1871 ἐκ
548 1813 605 1879 τῆς
637 1809 798 1872 Ἀπελλοῦ
832 1807 1015 1885 συμβουλῆς
1048 1803 1231 1883 μεμονέναι,
1265 1801 1466 1892 negligenter

291 1935 350 2005 pro
372 1920 558 1990 γεγονυῖαν,
594 1910 638 1975 sic
666 1923 697 1975 et
721 1913 780 1988 60,
804 1913 854 1976 ll.
879 1912 990 1976 θάττον
1013 1910 1052 1976 ἀν
1076 1911 1128 1975 τθν
1152 1906 1310 1988 Ἐρεχθέα
1333 1908 1388 1973 καὶ
1414 1908 1463 1971 τθν

291 2018 435 2097 Κέκροπα
458 2013 559 2091 ξένους
579 2015 759 2095 ἀποφήναις
783 2012 862 2081 εἶναι
891 2039 950 2105 pro
970 2017 1079 2102 ὄντας,
1101 2027 1133 2080 et
1153 2012 1223 2078 aliis
1243 2012 1338 2079 loeis.
1372 2016 1390 2098 §
1408 2015 1458 2077 21.

292 2120 352 2192 τάς
372 2124 484 2198 χεῖρας
510 2115 670 2196 θμέχουσαο
697 2118 749 2183 καὶ
774 2119 834 2191 τάς
856 2121 946 2202 θύρας
970 2122 1193 2196 ἀναπετῶσαι,
1227 2130 1324 2209 turpe
1345 2119 1463 2186 vitium.

293 2226 451 2294 Greeonm
472 2230 520 2284 est
538 2219 776 2301 cinerariorum
798 2226 854 2298 την
879 2225 987 2305 θύραν,
1007 2235 1040 2289 et
1058 2225 1206 2289 ἀναπετῶ
1228 2225 1317 2316 apud
1339 2225 1466 2293 Veteres

294 2330 438 2395 futurum
460 2337 517 2392 est.
548 2323 672 2391 Sumus
690 2329 880 2395 ἀναπετῶε
904 2327 1107 2394 ἀναπετάτυ.
1140 2326 1331 2411 Μένανδρος·

877 2433 988 2506 ἀλλοις
1012 2436 1159 2498 ἀναπετῶ

517 2537 602 2613 τουτὶ
627 2541 799 2617 προσελθὼν
823 2542 898 2605 κούκ
920 2540 1047 2617 ἀνέξομ
1070 2538 1182 2603 οὐκέτι.

294 2644 347 2709 καὶ
380 2644 411 2707 έν
440 2644 598 2722 Συνεμθση
628 2644 680 2706 καὶ
711 2644 843 2724 ἑτέραις.
893 2643 949 2709 Ιεῑί
980 2643 1153 2733 praesentis
1184 2665 1267 2733 quae
1298 2643 1405 2710 forma
1432 2645 1469 2710 sit

295 2747 461 2822 nesciunt,
493 2745 637 2811 futurum
665 2770 725 2837 pro
756 2749 914 2837 praesenti
942 2750 1099 2815 scribunt:
1119 2749 1468 2816 ἀναπεταννύεινθίοἰὶ

296 2857 388 2940 §30.
421 2851 520 2942 paulo
548 2863 621 2941 post
648 2852 785 2933 λαθρηδά
810 2853 889 2920 dixit
907 2861 1026 2935 σεμνῶς
1050 2853 1133 2919 πάνυ
1154 2877 1213 2942 pro
1232 2852 1345 2939 λάθρμ.
1381 2860 1469 2945 522.

296 2962 355 3029 ὑπθ
385 2959 501 3024 τούτων
530 2957 678 3022 ἀπάντων
704 2961 985 3040 συμμαχούμενοι,
1010 2961 1118 3051 inepte
1138 2983 1198 3049 pro
1215 2959 1343 3033 τούτους
1366 2961 1471 3028 ἀπαν-

295 3088 355 3136 τας
384 3059 596 3140 συμμάχους,
629 3064 864 3140 συναχυνιςάς,
897 3063 1036 3144 ἔχοντες.
1071 3068 1162 3152 §ln
1186 3065 1269 3135 εἰδὼς
1292 3062 1367 3147 ἔση,
1388 3066 1469 3132 idem

297 3168 410 3236 vitium
439 3177 536 3256 utque
565 3169 665 3239 ἐοικὼς
687 3165 741 3249 έση
768 3190 826 3257 pro
855 3168 930 3233 εἴσει
958 3181 990 3235 et
1017 3170 1120 3248 εἴξεις.
1155 3169 1254 3234 altera
1275 3167 1381 3234 forma
1405 3181 1468 3236 erat

297 3275 404 3350 εἰθησα
436 3273 583 3339 omnibus
611 3274 643 3338 in
672 3295 747 3351 usu,
778 3296 861 3363 quae
882 3273 977 3340 foede
997 3285 1147 3364 corrupta
1168 3283 1215 3338 est
1237 3270 1472 3343 intrusorem

299 3381 338 3448 V
335 3384 387 3446 ν’θοι
409 3381 555 3471 Pyrrag.
576 3384 594 3466 §
615 3383 668 3445 48.
693 3379 878 3463 σπουθάζεοο
903 3382 934 3446 δὲ
955 3381 1007 3446 καὶ
1031 3386 1121 3447 τοῦτο
1147 3378 1228 3450 ὅπως
1249 3378 1341 3442 αὐτοί
1360 3405 1399 3446 τε
1418 3404 1472 3460 μο-

297 3511 352 3560 νας
377 3487 496 3560 ἐκείνας
515 3489 673 3563 εἷδήσονσον
696 3484 734 3550 αἶ’
749 3509 784 3549 τε
807 3493 956 3563 γυναῖκες
980 3488 1024 3564 μη
1049 3485 1209 3550 νοθεύσατι
1232 3483 1266 3546 τὸ
1287 3481 1393 3563 γένος,
1408 3475 1472 3575 ⁸pro

297 3591 466 3666 εἰδητουσον
488 3601 519 3656 et
537 3591 718 3656 νοθεθσουσι.
757 3592 774 3674 §
796 3592 848 3655 19.
873 3591 927 3654 οὐκ
944 3589 1117 3667 ἐπιβαίνεις
1137 3609 1303 3677 perperam
1325 3611 1387 3677 pro
1408 3593 1473 3655 ε’πι·

297 3694 418 3772 δημεῖς.
455 3695 511 3762 Est
532 3718 646 3786 operae
666 3696 806 3784 pretinm
826 3695 934 3760 videre
951 3696 985 3759 in
1006 3698 1044 3780 §§
1066 3699 1109 3759 24
1131 3707 1162 3760 et
1180 3698 1222 3760 29
1244 3716 1341 3784 quam
1362 3696 1473 3762 vitioso

298 3799 393 3863 multi
425 3811 493 3865 turn
523 3794 751 3891 loquerentur,
785 3801 880 3866 etiarn
912 3801 935 3866 ii
967 3801 1023 3891 qni
1043 3802 1282 3879 πεπαιδευμένοι
1313 3815 1420 3868 essent
1442 3814 1473 3868 et

276 3905 461 3994 eleganter
489 3906 617 3972 dicendi
647 3905 776 3971 laudern
805 3907 889 3997 apud
916 3907 1031 3996 vulgus
1052 3919 1228 3996 captarent.
1277 3906 1474 3997 Turpissima

299 4019 373 4074 sunt
402 4012 678 4089 χεομβλημάσθαι
709 4009 844 4100 (corrige
876 4022 983 4076 tamen
1009 4012 1296 4090 χεοοοβλιμάτθαι,
1332 4035 1410 4078 nam
1437 4036 1475 4079 er

298 4110 469 4193 βλομάζειν
493 4121 532 4192 τῇ
554 4112 635 4192 χειρὶ
663 4112 696 4177 id
718 4127 897 4180 monstrum
919 4127 1031 4180 natum
1052 4117 1133 4206 est),
1156 4117 1322 4182 ἀπέκτεινε
1348 4119 1474 4203 θάπερον

300 4214 351 4282 rel
370 4213 477 4294 ἀτερον
502 4221 561 4280 τῶν
588 4218 740 4296 πενητονν,
765 4225 853 4297 τριῶν
874 4228 997 4299 μηνοῖν,
1022 4223 1181 4301 ἐκχύνειν,
1217 4232 1248 4287 at
1275 4245 1339 4286 uon
1369 4228 1476 4292 multo

300 4318 433 4418 meliora
464 4319 526 4386 iarn
554 4322 733 4388 notavimus
762 4324 846 4414 apud
875 4325 999 4416 ipsum,
1032 4328 1088 4416 qni
1116 4326 1194 4392 haec
1217 4329 1331 4394 acerbe
1351 4343 1384 4396 et
1405 4332 1475 4398 iure

301 4422 517 4516 reprehendit.
559 4426 748 4518 Leriphane
769 4431 902 4520 dignum
923 4444 970 4497 est
992 4436 1050 4510 16,
1072 4437 1098 4498 1.
1122 4433 1265 4511 ἀλομον
1287 4440 1476 4503 καταλιπὼν

300 4533 352 4597 τὸν
375 4526 471 4608 οἶκον,
504 4529 544 4597 de
573 4555 610 4596 eo
641 4535 698 4622 qui
718 4537 749 4599 έν
777 4538 820 4617 τῷ
851 4536 920 4617 οἴκῳ
950 4536 1062 4616 λόγους
1088 4539 1142 4601 οὐκ
1168 4539 1352 4614 ἐποιήσατοο
1374 4542 1475 4629 paulo

301 4648 375 4702 ante
398 4659 457 4727 pro
482 4636 632 4715 νήξασθαι
657 4641 728 4716 ἡδύν
750 4640 873 4707 dietum
895 4642 1037 4732 oportuit
1055 4642 1251 4720 ε’νννθξασθαο.
1300 4643 1338 4709 In
1360 4649 1421 4725 66,
1443 4652 1476 4717 9.

302 4743 374 4822 πρὸς
400 4742 522 4818 ἀντίους
548 4742 618 4816 τοὺς
645 4744 790 4822 ἐτησίας,
817 4747 919 4822 ἀντίος
950 4747 1065 4815 ionum
1095 4760 1142 4814 est
1170 4760 1202 4814 et
1224 4749 1477 4831 quoruourrs,
