3309 5750
850 622 912 685 176

252 856 254 859 >
298 840 460 909 apparere.
508 814 610 906 Ipsius
640 814 737 881 rerba
766 814 932 881 subiiciam
955 826 978 882 ¹.
1025 817 1135 883 Dicam
1161 820 1239 910 quid
1266 820 1311 885 rei
1330 820 1381 884 sit.
1427 819 1467 885 In

300 925 419 992 Codice
448 922 629 989 luculenter
658 934 790 1013 apparet
816 947 833 987 a
855 923 958 1013 prima
977 948 1074 990 mauu
1094 925 1161 991 sine
1183 926 1249 1016 ulla
1270 926 1470 992 correctione

298 1032 349 1099 vel
380 1029 624 1119 interpolatione
652 1029 808 1118 scriptum
839 1033 918 1094 esse:
935 1030 1032 1108 νέμον
1056 1032 1086 1096 δὲ
1113 1030 1249 1111 τράγους
1275 1038 1334 1097 τῶν
1358 1031 1469 1096 τούτου

298 1136 378 1215 βοῶν
396 1138 551 1217 μείζονάς.
584 1135 641 1213 dior
664 1134 695 1199 δὲ
720 1139 737 1221 Η
758 1136 841 1199 οὐδὲν
863 1136 921 1199 ἆτ’
947 1137 1059 1202 οὔτῶν.
1093 1137 1127 1202 in
1158 1144 1217 1203 τῶν
1245 1138 1471 1203 circumflexus

301 1262 374 1305 cum
395 1239 496 1305 vocali
518 1261 581 1304 nno
602 1238 702 1303 ductu
723 1238 938 1317 continuatur,
958 1239 991 1303 in
1010 1240 1119 1306 τούτου
1137 1242 1273 1306 se'cnnda
1290 1242 1473 1333 diphthon-

302 1368 360 1437 gus
378 1358 453 1410 nota
470 1346 573 1410 forma
593 1343 730 1433 implexa
754 1344 958 1433 praecedenti
979 1344 1104 1411 litterae
1123 1349 1334 1439 suprascripta
1354 1360 1421 1427 est,
1438 1348 1473 1413 in

302 1452 445 1534 μείζονάς
479 1450 610 1541 liquido
631 1461 761 1539 apparet
787 1450 843 1528 μετ’
869 1449 993 1539 reliqua
1024 1450 1075 1517 sir
1103 1465 1291 1528 cernuntur,
1324 1453 1380 1519 sed
1407 1476 1473 1518 non

302 1568 350 1622 est
371 1556 411 1621 de
433 1578 471 1620 eo
493 1555 651 1621 vocabulo
670 1554 897 1633 controversia,
916 1566 982 1618 tum
1002 1554 1058 1631 ἔξω
1077 1556 1168 1619 nullo
1187 1557 1316 1645 negotio
1334 1556 1474 1623 discerni

220 1677 222 1681 ’
300 1674 407 1753 potest
428 1672 460 1725 et
482 1661 512 1725 δέ
533 1662 567 1725 in
588 1661 728 1725 extremo
749 1681 851 1725 versu.
884 1659 1150 1749 interpolationis
1168 1685 1233 1727 non
1254 1675 1300 1728 est
1320 1664 1392 1727 rola
1412 1683 1473 1728 nec

302 1767 480 1855 vestigium.
531 1765 637 1849 Quum
668 1763 747 1829 haec
774 1777 989 1854 perscrutarer
1017 1764 1196 1832 Counlnnlr
1222 1768 1383 1858 Epistola
1405 1778 1474 1832 erat

302 1872 343 1939 ad
369 1894 525 1950 manum,
558 1894 692 1960 eamque
723 1870 763 1934 ad
791 1871 913 1960 singula
942 1872 1115 1960 erigebam.
1168 1874 1265 1939 Lecta
1298 1873 1477 1940 Counrunll

304 1978 526 2044 criminatione
554 1977 660 2041 locum
683 1976 722 2041 de
745 1999 829 2042 noro
851 1978 1060 2049 intentissima
1083 2001 1157 2044 cura
1178 1980 1285 2070 relego
1305 1978 1477 2066 investigo·

304 2109 368 2177 que
397 2084 522 2174 ecquod
553 2096 641 2155 esset,
659 2082 752 2148 huius
781 2083 919 2162 fraudis,
948 2106 1044 2174 quam
1071 2086 1228 2174 arguerit,
1256 2086 1307 2152 rel
1328 2083 1477 2149 tenuissi-

302 2216 394 2259 mum
425 2190 590 2256 indicium.
650 2187 742 2272 Quod
772 2201 851 2254 tunc
880 2191 923 2264 in¹
945 2188 1188 2256 Commentariis
1219 2187 1478 2281 indignabundus

305 2296 473 2387 adscripsi:
497 2293 786 2386 impudentissime
805 2298 982 2372 assentitur,
1015 2316 1101 2359 nuno
1129 2308 1165 2360 ut
1189 2295 1222 2360 in
1246 2318 1281 2360 re
1303 2307 1388 2361 certa
1410 2316 1476 2358 non

306 2403 420 2470 dubito
449 2403 554 2493 palam
581 2399 803 2490 pronunciare.
837 2400 895 2477 ἔξω
916 2400 1068 2495 scriptum
1091 2412 1138 2465 est
1158 2423 1176 2465 a
1196 2400 1303 2490 stipite
1323 2423 1382 2491 pro
1402 2398 1477 2481 ἔξω,

305 2523 341 2577 ut
361 2531 453 2598 saepe
474 2509 494 2591 ζ
513 2507 582 2585 eti
606 2504 792 2584 confundit,
808 2505 934 2583 ἕξάτουν
956 2506 1096 2571 scribens
1115 2529 1175 2596 pro
1194 2508 1329 2589 ἐζήτουν,
1352 2516 1384 2570 et
1405 2526 1479 2593 pas·

305 2618 364 2683 sim
396 2612 533 2679 absurda
561 2625 592 2678 et
626 2611 759 2677 barbara
787 2610 959 2700 scriptitat,
993 2633 1030 2675 er
1060 2611 1177 2701 quibus
1204 2609 1404 2674 simillimum
1433 2617 1480 2672 est

198 2794 200 2797 Α
306 2746 338 2812 p.
360 2725 412 2787 37.
446 2719 590 2795 ἐξώννυτο
619 2728 651 2781 et
678 2720 751 2782 156.
780 2716 954 2794 ἐξυτροένου
985 2738 1043 2805 pro
1069 2717 1211 2798 ἕζάννυτο
1238 2726 1269 2778 et
1296 2714 1478 2796 ἐζωσμένον.

238 2817 240 2822 ’
306 2828 389 2891 Vera
419 2824 516 2914 igitur
543 2822 698 2912 scriptura
727 2834 793 2899 est,
824 2843 920 2910 quam
951 2820 1059 2886 Fuura
1080 2818 1202 2910 primus
1225 2817 1372 2884 dederat:
1398 2817 1478 2896 νέμω

305 2934 337 2997 δὲ
367 2928 502 3009 τράγους
526 2932 585 2991 τῶν
607 2927 717 2990 τούτου
746 2927 825 3005 βοῶν
851 2925 1014 3006 μείζονος,
1047 2924 1102 3007 ὄζον
1127 2925 1158 2988 δὲ
1181 2925 1264 2989 οὐδὲν
1288 2926 1346 2988 άτ’
1364 2926 1478 2987 αὐτῶν.

305 3034 467 3101 Contrua.
499 3033 621 3098 censuit
652 3044 724 3121 post
757 3031 863 3097 omnia
894 3029 1002 3111 locum
1033 3031 1077 3095 sic
1102 3053 1168 3095 esse
1198 3028 1479 3094 constituendum:

308 3141 388 3219 νέμω
413 3140 444 3204 δὲ
473 3138 626 3218 τράγους,
659 3136 689 3212 ὅς
720 3142 753 3217 γ’
779 3138 892 3209 αὐτοὺς
922 3139 1001 3215 βοῶν
1026 3136 1170 3214 duriusve
1197 3135 1331 3217 τοορὲξω.
1364 3135 1419 3216 ὄζον
1447 3135 1480 3199 δὲ

308 3245 391 3312 οὐδὲν
411 3245 470 3309 άυ’
488 3245 606 3318 αὐτῶν,
625 3244 808 3324 ,admonens
832 3243 987 3308 Tourruu
1011 3242 1155 3307 docuisse
1175 3238 1206 3312 tq
1231 3265 1270 3319 γε
1291 3251 1323 3305 et
1342 3237 1399 3308 άςε
1421 3239 1482 3304 ali-

308 3347 441 3439 quando
462 3348 593 3414 confusa
614 3350 720 3418 luisse.
770 3348 831 3433 Qui
844 3347 935 3413 thaec
956 3347 1038 3413 bene
1061 3346 1178 3412 Graece
1201 3344 1285 3410 dicta
1305 3369 1371 3413 esse
1386 3359 1482 3436 puta·

310 3455 374 3533 bit,
394 3477 458 3519 non
478 3477 589 3520 recuso
614 3480 678 3547 quo
697 3457 802 3522 minus
824 3454 854 3521 ei
883 3454 923 3519 de
948 3452 1128 3520 Couumnn
1146 3451 1332 3517 Graecitatis
1353 3435 1486 3521 scientia

309 3562 446 3627 nimium
471 3563 681 3631 inclementer
701 3563 814 3631 dixisse
833 3573 864 3627 et
884 3561 995 3650 iniquo
1020 3559 1115 3624 nimis
1142 3561 1258 3624 sentire
1280 3559 1397 3626 ridear.
1444 3560 1483 3625 In

307 3694 544 3703 ——----.-—--.

344 3737 364 3802 ¹)
384 3738 483 3798 οΝέμνν
501 3737 531 3787 dt
549 3741 664 3803 τράγους
681 3735 714 3794 ὡς
729 3736 843 3792 τούτους
857 3737 932 3797 βοῶν
947 3737 1140 3797 μείζονας...
1159 3735 1254 3789 ξυμ..
1274 3732 1366 3784 οὐδέν.
1392 3735 1484 3787 C’etait

307 3827 334 3875 lt
357 3825 475 3874 lendroit
497 3825 528 3872 de
551 3831 606 3872 tous
629 3824 654 3872 le
677 3823 732 3885 plus
750 3821 876 3871 maltroite‘
893 3822 956 3868 dans
975 3819 1101 3881 rorigtnal
1118 3820 1203 3882 quand
1220 3834 1283 3868 nous
1300 3821 1325 3869 le
1342 3821 1483 3884 eopiomes,

307 3909 375 3968 moi,
398 3909 466 3956 ΜΜ.
484 3908 563 3957 Furia
579 3907 607 3956 et
621 3906 736 3955 Bencini.
771 3905 843 3954 Nous
859 3920 877 3968 y
894 3905 1019 3953 revlnmes
1037 3904 1158 3968 plusieurs
1176 3904 1223 3952 fois
1240 3912 1265 3953 et
1283 3907 1326 3967 n'y
1343 3909 1431 3968 pdurcs
1445 3907 1483 3970 ja·

307 3992 372 4041 meis
394 3992 533 4053 distinguer
555 4005 604 4054 que
627 4004 655 4038 ce
672 4002 721 4051 que
738 3987 785 4051 j'ai
808 3987 893 4036 donne
910 3984 1004 4035 totidem
1026 3985 1112 4034 litteris
1127 3988 1190 4035 dans
1207 4003 1268 4037 mon
1283 3989 1385 4038 edition.
1421 3992 1482 4041 J'en

308 4076 376 4133 avale
394 4075 439 4122 fuit
455 4072 514 4120 trois
532 4072 626 4133 copies,
645 4077 802 4118 exactement
818 4069 925 4131 figurees
943 4084 985 4117 sur
1002 4084 1053 4118 une
1070 4071 1153 4119 mdme
1170 4071 1264 4120 feuille.
1291 4071 1363 4122 Certe
1381 4074 1482 4135 feuille,

308 4158 413 4222 depose‘e
429 4158 446 4204 a
464 4157 490 4203 la
507 4138 683 4217 bibliotheque*
694 4160 719 4202 et
732 4153 813 4217 jointe
832 4169 865 4202 an
881 4155 1030 4205 manuscrit.
1048 4169 1142 4217 prouve
1159 4159 1236 4219 qu'on
1253 4172 1271 4219 y
1288 4157 1356 4206 lisoit
1373 4158 1438 4208 alors
1453 4175 1483 4210 ce

309 4259 359 4310 que
378 4241 424 4305 j'ai
446 4239 543 4303 public:
568 4238 587 4286 il
611 4245 648 4286 est
670 4238 724 4287 rral
745 4240 822 4301 qn'on
840 4253 858 4301 y
875 4238 905 4286 lit
923 4238 1093 4298 maintenant,
1117 4254 1215 4288 comme
1238 4240 1263 4288 le
1281 4241 1318 4289 dit
1335 4242 1372 4290 M.
1390 4243 1484 4295 Furia:

310 4325 364 4378 τῶν
382 4325 481 4375 τούτοιν
497 4322 570 4383 βοῶν
587 4324 731 4385 μείζονας,
758 4323 823 4372 aussi
846 4322 992 4372 cluirement
1014 4338 1064 4387 que
1087 4325 1149 4372 dans
1173 4340 1255 4374 aucun
1272 4325 1335 4374 livre
1354 4327 1508 4390 imprim65,

311 4412 376 4467 mois
393 4412 452 4458 e'est
470 4423 520 4458 une
536 4408 672 4459 correction
690 4408 802 4467 recente,
824 4408 884 4457 faite
899 4409 997 4472 u’apres
1013 4425 1056 4458 ma
1072 4410 1225 4459 traduction:
1250 4409 1304 4470 oui,
1317 4413 1346 4476 je
1356 4413 1432 4475 parde
1451 4413 1485 4463 les

312 4495 407 4545 citiores
425 4500 447 4541 et
465 4491 498 4541 les
515 4490 588 4540 reads
604 4491 734 4543 meilleures
748 4508 792 4556 que
806 4508 835 4540 nc
852 4498 931 4539 serent
941 4491 1035 4556 jamnis
1053 4490 1086 4539 les
1103 4492 1187 4540 varies
1204 4491 1233 4540 de
1251 4494 1350 4544 celui-ci.
1377 4497 1424 4546 Cet
1442 4512 1485 4550 en·

312 4581 378 4632 droit
397 4594 413 4627 e
436 4577 475 4629 ete'
494 4577 612 4626 retouche'
634 4578 655 4629 si
678 4576 895 4627 maladroitement
915 4577 978 4629 dans
994 4577 1019 4626 le
1036 4577 1186 4636 manuscrit,
1209 4594 1258 4643 qne
1276 4581 1430 4645 l'imposture
1448 4590 1487 4633 est

313 4665 426 4717 visible.”
989 4704 991 4706 ,

348 4749 466 4804 Eiusdem
485 4751 522 4798 est
539 4745 574 4797 sic
591 4745 693 4796 meatui
710 4752 735 4798 et
751 4744 871 4800 Codicem
888 4744 919 4795 de
936 4743 1058 4795 industria
1074 4759 1241 4811 eorrumpere.
