3309 5750
740 713 781 775 15

172 896 225 959 τοῦ
247 909 316 956 esse
344 890 473 976 arguit,
497 891 544 955 sic
572 888 729 973 scriptus:
762 884 900 967 ἐννῖμιζε
920 884 972 951 νοοῖ
998 884 1111 964 σέβου,
1141 885 1226 968 ζήτει
1250 888 1281 953 δὲ
1304 889 1361 968 μή.

171 1016 309 1083 Videsne
334 997 557 1082 ὀῖνΝΟΜΙΖε
579 1014 600 1077 i.
614 1033 642 1078 e.
667 1012 731 1077 isin
756 1007 863 1092 νόμιζε
881 1010 1040 1098 quomode
1064 1011 1096 1076 in
1116 1012 1252 1096 ἐννῖροιζε
1273 1014 1358 1082 abie-

173 1123 228 1186 rit.
276 1122 343 1187 Non
369 1120 508 1207 simplici
536 1117 621 1184 maie
643 1116 766 1182 laborat
791 1115 971 1183 versiculus
997 1116 1066 1182 siue
1095 1128 1206 1205 poetae
1232 1120 1363 1186 nemine

171 1222 322 1292 laudatus
349 1244 378 1312 p.
398 1228 474 1291 717.

308 1331 353 1396 σὺ
379 1329 405 1395 δ’
429 1332 467 1394 οὐ
492 1327 562 1394 τάδ’
583 1322 675 1402 εῖτοις
699 1329 746 1407 μὴ
768 1325 873 1405 λέγειν
896 1321 919 1391 οῖ
941 1348 991 1399 τις
1013 1332 1129 1410 φρονεῖ.

171 1444 207 1500 tu
232 1454 350 1521 repone
371 1454 410 1499 ex
433 1433 591 1497 Enmrrms
614 1432 795 1497 Phoenissis
819 1450 864 1495 vs.
887 1435 964 1496 592.

309 1538 447 1603 δούλου
470 1533 534 1603 τόδ’
558 1533 650 1612 οἶτος
674 1538 739 1603 ιιτὲ.

173 1628 292 1706 emissa
311 1640 455 1707 litterula
480 1651 508 1707 Δ
530 1643 661 1729 apparet
683 1650 827 1710 οΤΛΟΤ
849 1643 882 1707 in
901 1642 940 1707 σὺ
960 1642 1032 1708 δὀὐ
1054 1661 1123 1708 esse
1135 1641 1361 1730 depravatum,

176 1745 261 1811 unde
286 1746 416 1832 colligas
435 1746 559 1814 litteras
571 1745 710 1815 initiales
723 1765 784 1814 uon
805 1746 905 1813 fuisse
917 1745 1112 1834 adscriptas,
1137 1755 1193 1814 aut
1215 1769 1277 1815 neu
1291 1749 1361 1818 ubi·

175 1871 253 1936 que,
279 1853 312 1916 in
334 1854 431 1918 veteri
453 1853 554 1931 libro,
579 1854 663 1920 uude
679 1854 881 1919 Florentinum
899 1852 1083 1939 descriptus
1101 1861 1161 1920 eet.
1185 1853 1222 1920 In
1234 1863 1361 1923 senten·

171 1956 239 2033 tia,
274 1977 356 2042 quae
385 1959 585 2025 Prrmcomc
618 1959 778 2026 tribuitur
812 1980 842 2046 p.
869 1963 931 2024 703
963 1959 1151 2024 ἐτιδείνννοο
1174 1961 1219 2039 μὴ
1240 1960 1271 2026 ἕν
1295 1970 1360 2036 τοῖς

167 2060 274 2139 λόγοις
298 2058 320 2127 ἃ
342 2068 461 2145 φρονεῖν
483 2066 560 2131 ἀλλ’
584 2068 616 2131 ἕν
638 2071 703 2139 τοῖς
727 2064 827 2147 ἔργοις
851 2061 873 2130 οῖ
897 2071 1016 2140 ποιεῖν,
1041 2063 1166 2151 decepit
1189 2063 1358 2133 librarium

168 2186 272 2232 nexus
304 2168 435 2253 quidam
470 2169 611 2257 syllabae
637 2195 692 2249 ευ,
717 2171 774 2257 qui
805 2170 982 2236 oscitanter
1011 2167 1173 2254 legentis
1204 2168 1313 2236 littera
1336 2196 1360 2238 οι

167 2269 248 2335 ninii
279 2271 462 2360 discrepat,
496 2281 532 2339 ut
562 2276 604 2339 sia
632 2273 805 2361 legendum
829 2272 864 2341 εὖ
886 2279 1007 2358 φρονεῖν
1031 2281 1063 2340 ei
1086 2269 1120 2340 εὖ
1144 2283 1251 2341 ποιεῖν.
1299 2275 1360 2343 Eo-

168 2367 242 2442 dem
270 2377 364 2441 mecie
391 2402 412 2442 οι
435 2387 467 2443 et
487 2403 519 2443 ευ
541 2381 660 2466 passim
689 2380 929 2466 permiscentur
951 2388 983 2444 et
1009 2399 1205 2466 quamquam
1228 2399 1268 2447 ex
1298 2380 1358 2449 hec

168 2481 277 2546 errore
301 2482 495 2547 contrarium
519 2502 611 2569 saepe
634 2484 754 2550 dicitur
783 2503 880 2571 quam
913 2483 999 2570 qued
1030 2485 1155 2550 dixerat
1184 2485 1303 2572 aliquis
1325 2494 1359 2553 et

169 2604 262 2651 meus
286 2606 363 2652 sana
389 2587 550 2674 postulat,
575 2588 756 2656 diutissime
780 2590 880 2655 etiam
903 2587 963 2654 hae
987 2589 1127 2673 ineptiae
1156 2588 1359 2659 eruditorum

166 2690 284 2771 ‹rcuies¹
304 2690 495 2772 fefellerunt.
543 2694 611 2759 Nun
637 2693 736 2759 ieram
767 2694 892 2760 diutius
914 2691 1052 2757 Senones
1079 2693 1126 2757 sic
1149 2692 1357 2780 ineptientem

167 2794 254 2883 apud
274 2795 475 2863 Puerircauu
497 2799 531 2862 in
551 2800 618 2864 vita
642 2819 710 2886 cap.
725 2798 851 2866 xxvii.
897 2797 1071 2876 Ἕλλησιν,
1095 2794 1198 2876 εἶτεν,
1222 2795 1357 2879 ὦβοοι·

165 2905 223 2969 λοῦ
248 2904 372 2981 Λυδῶν,
397 2901 470 2986 τρδς
491 2929 527 2970 τε
550 2904 661 2971 τοῖλλοι
680 2907 810 2988 μετρίως
833 2904 918 2986 ἔχειν
939 2906 1035 2978 δῖεὸς
1055 2904 1147 2970 ἔδωκε
1166 2905 1219 2971 κον)
1241 2907 1356 2989 σοφίας

165 3009 247 3081 τινὸς
272 3011 452 3090 εὐῖοιροοῦς,
476 3013 514 3083 ὦς
535 3008 630 3087 ἔοικε,
655 3012 707 3077 νοοῖ
732 3011 918 3088 δημοτικῆς,
943 3013 975 3076 οὐ
995 3012 1165 3090 βιοτιλικιῖς
1185 3012 1251 3077 οὐδὲ
1271 3028 1356 3094 λοιμ·

166 3117 248 3214 τροῖς
274 3115 332 3179 ὑπὸ
356 3111 553 3196 μετριότητος
573 3120 646 3196 ἡμῖν
665 3116 814 3197 μέτεςιν,
839 3116 912 3202 quis
941 3115 1127 3183 admonitus
1150 3137 1212 3183 uun
1236 3117 1356 3186 videbit

165 3205 317 3301 cenna
342 3237 454 3284 rerum
478 3222 572 3288 esse?

211 3323 248 3390 In
273 3323 453 3410 fragmenta
478 3325 643 3391 Soraoucrs
666 3347 696 3412 p.
712 3331 777 3391 699
802 3326 998 3407 Σοφοκλέους
1021 3328 1184 3411 Ἐριφύλρ.

397 3433 559 3511 ..γλῶοο’
585 3430 620 3494 ἓν
644 3425 739 3495 οἶσιν
763 3429 908 3511 ἀνδροτιν
930 3433 1023 3522 τιμῖρν
1047 3430 1115 3510 ἔχει

392 3530 466 3600 οἰιον
490 3535 578 3615 λόγον
603 3532 736 3601 σῖὲνουσι
758 3541 818 3600 τῶν
842 3533 937 3614 ἔργων
960 3518 1064 3598 πλέον

163 3644 240 3706 cave
269 3639 436 3706 existimes
466 3638 505 3706 ab
535 3639 629 3705 initio
649 3638 826 3726 quidquam
850 3637 978 3715 deesse,
1004 3644 1039 3702 ut
1064 3639 1201 3723 passim,
1224 3642 1354 3712 rubrica

163 3742 390 3833 supplendum
438 3747 474 3813 in
501 3745 588 3812 hunc
612 3744 743 3810 modum
764 3742 920 3810 damnum
944 3745 1082 3810 resarei:

348 3855 468 3930 νλιοοο’
493 3853 529 3917 ἕν
552 3858 717 3917 κενοῖσιν
741 3848 886 3932 οῖνδροιοιν
908 3851 1002 3930 τιμνν
1025 3849 1106 3931 ἔχει.

162 3951 319 4019 Eiusdem
342 3962 454 4041 poetae
477 3955 621 4043 incusp.
648 3957 712 4022 726
747 3956 885 4021 nimium
917 3955 973 4021 diu
1007 3956 1160 4024 mendum
1194 3958 1274 4030 aicit
1299 3964 1352 4056 (ex

163 4059 259 4126 Aiace
283 4079 331 4128 vs.
353 4061 444 4151 964.)

348 4169 374 4233 οἱ
397 4166 460 4248 etp
483 4169 570 4233 κοινοῖ
595 4169 751 4247 puniuntur
774 4169 947 4247 τοὲγινῖῖν
969 4175 1072 4249 χεροῖν

348 4270 474 4352 ἔχοντες
499 4274 552 4338 οὐκ
575 4273 661 4339 icen
685 4274 754 4356 τρῖν
777 4298 825 4348 τις
849 4273 983 4357 ἔνιβοίλρ.

164 4375 276 4443 cadem
301 4375 397 4442 lectio
421 4378 454 4442 iu
480 4376 642 4445 Summers
666 4378 758 4446 cedd.
783 4378 908 4455 fertur,
933 4387 969 4445 ut
995 4388 1087 4447 retus
1106 4401 1175 4449 esse
1197 4386 1349 4456 mendum

163 4489 326 4570 appareat.
374 4481 494 4570 Nempe
517 4485 657 4565 τοὶροοῖόν
679 4487 712 4551 in
733 4484 783 4551 his
803 4484 910 4552 verbis
931 4484 1086 4553 absonum
1105 4496 1170 4555 est:
1196 4511 1259 4576 que
1281 4514 1352 4559 serr·

163 4606 201 4652 su
220 4586 362 4668 ονῖροῖῖν
387 4586 514 4657 dicatur
536 4591 655 4678 optime
676 4591 788 4659 sentiri
809 4597 914 4679 petest
935 4611 974 4658 ex
996 4591 1056 4660 hec
1076 4593 1174 4662 nobili
1194 4596 1351 4664 Ecmmms

162 4690 247 4762 loco:
335 4708 339 4715 ’
