3309 5750
1398 754 1438 805 Π

262 928 334 1003 scio
354 951 418 1002 nco
446 926 620 1023 intelligo:
647 924 712 997 hoc
733 924 805 997 scio
824 921 1080 1016 institutionem
1104 922 1320 1011 htterariam,
1345 948 1431 1022 qua·

261 1054 329 1129 lem
346 1054 403 1129 iis
428 1050 597 1152 impertiri
618 1051 805 1140 debemus,
829 1051 893 1149 qui
915 1051 980 1123 flos
1006 1058 1043 1124 et
1065 1051 1171 1125 robur
1196 1060 1280 1125 sunt
1298 1052 1430 1149 patriae

212 1163 233 1238 .'
260 1184 470 1270 iuventutis,
483 1182 551 1255 :ita
569 1177 810 1277 comparatam.
831 1179 912 1252 esse
928 1180 1104 1277 oportere,
1120 1186 1170 1252 ut
1189 1179 1366 1253 iudicandi
1395 1187 1431 1254 et

261 1312 332 1384 veri
352 1309 559 1402 inveniendi.
570 1308 714 1381 facultas
736 1307 774 1379 in
794 1306 1005 1400 iuvenihbus
1022 1306 1149 1380 animis
1171 1306 1334 1380 omnibus
1352 1332 1427 1382 mo-

238 1462 241 1465 ⁴
260 1438 508 1512 disercitetur
526 1443 563 1509 et
584 1435 713 1521 alatur,
730 1444 767 1523 et
786 1434 874 1508 nihil
891 1458 967 1508 esse
987 1459 1091 1508 sanae
1113 1434 1239 1509 rationi
1260 1434 1429 1532 pernicies

261 1567 334 1640 sius
370 1587 478 1661 quam
501 1570 641 1636 mature
668 1543 843 1635 assuefieri
862 1562 920 1649 id,
949 1562 1284 1660 quodmalesanum
1306 1568 1342 1634 et
1365 1561 1428 1636 ab·

262 1683 408 1759 surdum
429 1688 505 1769 west,
525 1683 641 1781 inepte
665 1688 702 1781 et
724 1689 853 1756 temere
877 1682 1135 1783 interpretando
1153 1709 1365 1786 concoquere
1390 1699 1427 1765 et

258 1811 372 1898 ferre,
400 1826 661 1907 nonnumquam
694 1817 731 1883 et
761 1810 907 1908 pmbare
942 1818 978 1885 et
1005 1810 1184 1902 admirari,
1219 1822 1256 1890 et
1289 1817 1426 1892 tamdiu

255 1939 385 2014 iudicio
410 1939 479 2013 vim
502 1939 625 2013 inferre
654 1938 764 2013 donee
787 1938 951 2014 hebescat
972 1947 1008 2015 et
1032 1942 1175 2016 taudem
1198 1942 1426 2040 depravatum

223 2088 226 2094 ·
256 2075 291 2141 et
313 2067 492 2143 obtusum·
505 2067 639 2155 omnia,
666 2074 915 2166 quaepropter
940 2068 1065 2143 vitium
1087 2068 1236 2167 intelligi
1256 2094 1326 2145 non
1344 2096 1424 2171 pos·

255 2203 356 2284 aunt,
384 2198 480 2271 nullo
504 2198 644 2295 negotio
670 2195 931 2293 sibiexplioare
954 2205 1055 2295 posse
1080 2197 1246 2273 videatur.

279 2326 529 2422 Quamquam
554 2323 641 2421 quid
663 2324 789 2398 attinet
810 2324 848 2397 iu
873 2324 1012 2398 illorum
1035 2324 1208 2400 erroribus
1232 2326 1425 2403 refutandis

251 2476 395 2549 operam
409 2451 575 2548 perdere,
605 2452 668 2549 qui
690 2452 734 2525 de
759 2451 802 2525 iis
822 2451 929 2526 rebus
948 2452 1124 2539 iudicant,
1144 2477 1246 2550 ‘quas
1266 2455 1424 2532 nondum

252 2579 337 2652 setis
367 2584 637 2676 perspexerunt,
657 2586 698 2652 et
722 2595 763 2653 ea
789 2579 915 2653 'volunt
937 2584 1161 2656 contemnere·
1183 2579 1309 2668 videri,
1334 2606 1424 2680 quae

251 2713 446 2805 numquam
469 2707 813 2805 cognoscere'oonati
837 2707 958 2779 sunt?r
995 2706 1034 2779 Si
1058 2706 1138 2804 quis
1163 2731 1284 2782 eorum
1305 2708 1344 2783 id
1367 2734 1423 2784 aa·

251 2834 334 2909 tatis
357 2841 409 2909 est
434 2842 469 2914 et
487 2833 691 2932 eoingenio
712 2833 906 2932 praeditus,
922 2840 976 2913 :ut
994 2834 1104 2933 possit
1127 2834 1326 2912 admonitus
1345 2861 1421 2914 mu·

251 2973 329 3039 tare.
358 2964 566 3057 sententiam
592 2969 632 3036 et
662 2962 883 3063 resipiscere,
913 2962 1077 3056 facillima
1107 2988 1163 3038 res
1194 2971 1249 3039 est
1280 2971 1457 3043 causam‘

251 3093 341 3169 h'anc
355 3102 512 3191 noscere·
527 3100 562 3165 et
585 3092 680 3190 quod
700 3092 885 3187 rernmsit
906 3092 1084 3189 dispicere.
1120 3093 1315 3192 componat
1332 3095 1422 3170 mihi

249 3219 375 3318 aliquis
402 3219 574 3318 scriptoris
595 3219 718 3292 Graeci
740 3219 926 3309 cuiuslibet
946 3226 1008 3293 aut
1026 3219 1196 3296 Aldinam
1217 3229 1279 3295 aut
1298 3248 1420 3320 quam·

249 3348 303 3423 vis
324 3355 474 3422 veterem
502 3347 688 3422 editionem
711 3370 792 3420 cum
813 3353 870 3434 ea,
897 3372 986 3445 quae
1006 3354 1100 3422 nimo
1124 3349 1332 3427 criticorum
1354 3352 1421 3427 sol·

249 3476 348 3553 lertia
368 3475 649 3549 emendatissima
665 3482 738 3561 est,
757 3483 800 3548 et
820 3475 857 3548 iu
883 3475 1052 3571 utriusque
1078 3476 1330 3551 emendationis
1351 3478 1422 3551 ori·

247 3602 367 3701 ginem
387 3609 424 3676 et
448 3611 625 3679 'auctorem
643 3602 811 3700 inquirat,
832 3602 1061 3676 admirabitur
1086 3610 1155 3694 (sat
1171 3603 1255 3695 scio)
1283 3606 1421 3681 illorum

246 3731 485 3807 incredibilem
518 3732 740 3829 sagacitatem
772 3739 807 3806 et
833 3755 979 3807 acumen
1003 3729 1125 3806 iudicii
1149 3739 1186 3805 et
1211 3732 1295 3807 felix
1321 3733 1418 3831 inge·

245 3859 365 3948 nium,
400 3859 528 3956 quibus
563 3884 599 3932 se
626 3859 709 3933 haec
741 3860 866 3933 debere
892 3865 1012 3956 gratus
1038 3860 1242 3958 comperiet,
1273 3868 1309 3934 et
1334 3861 1419 3936 fate·

244 3989 343 4075 bitur
364 3988 496 4062 nullam
513 3988 625 4063 aliam
650 4013 725 4061 esse
747 3995 874 4075 artem,
899 4010 989 4086 quae
1013 3987 1114 4086 plura
1134 3997 1170 4061 et
1192 3987 1419 4064 luculentiora
1536 3992 1539 3998 '

245 4123 289 4191 et·
303 4115 447 4190 certiora
471 4116 658 4214 pepererit,
691 4123 727 4189 et
754 4101 920 4190 denatura
943 4115 1113 4213 quamdiu
1134 4115 1217 4190 haec
1240 4115 1286 4189 ab
1305 4114 1418 4188 homi·
1504 4188 1508 4194 .

243 4243 350 4316 nibus
379 4243 626 4341 intelligentur.
679 4244 770 4319 Sunt
796 4243 941 4340 quidam
964 4242 1015 4318 ad'
1028 4242 1114 4318 haee
1138 4241 1293 4316 duriores
1316 4249 1352 4314 et
1376 4264 1417 4315 eo
1478 4222 1480 4225 ⁸

243 4370 421 4445 stomacho
442 4378 483 4445 ut
503 4370 617 4444 omnia
636 4378 854 4469 concoquant
873 4377 908 4444 et
927 4394 1049 4468 aegra,
1078 4369 1217 4456 vitiosa,
1241 4368 1418 4447 malesana

242 4498 287 4570 ab
313 4499 416 4573 rectis
442 4507 478 4573 et
499 4499 585 4573 veris
606 4507 641 4575 ct
658 4567 660 4571 ,
666 4499 784 4597 probis
802 4498 998 4589 ,discernere
1017 4497 1087 4574 iam
1108 4498 1213 4596 plane
1230 4502 1416 4594 nequeant.

241 4624 438 4724 Supersunt
455 4626 548 4700 illins
560 4627 708 4725 ‚generis
718 4698 721 4702 ,
732 4625 1040 4724 reliquice·,..quou
1055 4626 1188 4726 notavit
1201 4625 1417 4699 ,Brocchus

236 4753 274 4826 iu
309 4754 370 4828 illo
404 4755 602 4842 usaorifioo,
634 4756 696 4854 qui
733 4781 795 4854 per
822 4778 897 4828 xxx
933 4777 1042 4827 anuos
1073 4749 1418 4845 Marnincslegere

236 4882 360 4958 solitus
382 4907 445 4981 pro,
476 4885 677 4971 amomo,
708 4888 1090 4982 quummonaretuna
1103 4881 1225 4964 neto,
1256 4883 1298 4956 ,ut
1315 4899 1417 4953 erro·
1480 4970 1483 4977 Ι
