3309 5750
771 631 836 696 188

217 851 313 920 quam
338 837 484 892 accurate
504 825 643 915 cogitare
664 834 697 890 et
717 823 823 891 dicore
843 834 966 890 veteres
985 822 1121 891 soleant.
1157 821 1243 907 Quid
1261 823 1405 915 impedit

148 952 155 962 ⁴
215 936 281 1001 ὁδοῦ
320 932 473 1013 τοίμργον
504 954 541 996 er
573 930 758 997 Huuoucro
793 930 946 996 mendum
977 931 1114 996 eximere
1147 930 1237 1020 quod
1266 932 1405 999 inolevit

220 1038 274 1104 Vl.
304 1045 355 1106 58.
389 1035 485 1101 ἔτεσίν
518 1031 683 1101 οὖντοῦτο
711 1037 842 1115 γένηται
876 1041 966 1125 (rege
996 1036 1227 1127 Spartanorum
1257 1040 1402 1126 mortuo)

221 1143 347 1221 οίνοίγκη
377 1142 412 1219 ἐξ
445 1141 539 1215 οἰκίης
567 1139 683 1216 ἑκοίςης
711 1142 884 1222 ἐλευθέρους
911 1144 962 1208 δύο
989 1143 1274 1222 καταμιαίνεσθαι,
1307 1142 1406 1225 ἄνδρα

222 1276 258 1316 τι
282 1249 334 1314 καί
358 1254 509 1326 γυναῖκα.
534 1247 578 1324 μη
594 1247 742 1321 ποιήσασι
760 1248 792 1311 δὲ
808 1255 899 1312 τοῦτο
918 1248 1027 1331 ζημίαι
1048 1246 1194 1326 μεγάλαι
1220 1247 1403 1313 ἐπικέαται.

226 1350 407 1421 hbsurdum
426 1364 474 1417 est
495 1353 528 1417 in
550 1375 587 1417 eo
609 1353 682 1417 loco
708 1353 842 1418 verbum
862 1353 1139 1433 assentabantur.
1171 1351 1324 1443 Namque
1341 1354 1404 1420 sire

224 1460 448 1550 conspurcora'
477 1456 653 1545 significat,
687 1469 722 1522 ut
751 1458 849 1536 solet,
882 1457 946 1523 sire
972 1458 1084 1548 paullo
1107 1457 1210 1522 acrius
1235 1470 1282 1524 est
1308 1482 1405 1550 quam

226 1565 419 1646 μιαίνεσθαι,
433 1564 548 1652 pollui
563 1562 694 1651 piaculo
717 1563 881 1653 quolibet,
915 1585 980 1628 non
1001 1575 1048 1628 est
1067 1552 1198 1629 honoris
1216 1588 1320 1654 genus
1339 1589 1408 1631 ma-

230 1673 278 1763 gis
308 1669 460 1736 stolidum
489 1679 521 1732 et
542 1667 582 1732 ab
611 1680 724 1733 natura
744 1669 865 1758 ingenii
884 1668 1017 1734 humani
1035 1680 1068 1733 et
1089 1668 1284 1735 Graecorum
1309 1670 1408 1735 mori·

175 1819 179 1829 -
226 1778 287 1842 bus
307 1777 407 1865 magis
428 1775 566 1840 alienum
589 1786 621 1839 et
642 1773 824 1842 abhorrens.
873 1774 955 1841 Satis
977 1798 1044 1840 esse
1067 1774 1236 1841 ridebatur
1256 1777 1292 1842 iu
1309 1777 1406 1844 domo

212 1894 263 1948 .et
293 1881 371 1945 urbe
402 1880 526 1944 funesta
557 1879 694 1969 piaculi,
729 1893 764 1946 ut
790 1904 856 1947 uon
884 1882 969 1947 ultro
992 1905 1058 1948 sese
1078 1882 1162 1948 cives
1175 1885 1334 1973 polluere
1351 1907 1409 1949 ro·

229 1986 349 2053 luerint
369 1983 468 2074 idque
487 1984 520 2048 in
537 1983 680 2049 defuncti
701 1987 782 2075 regis
802 1985 968 2054 honorem.
1004 1986 1162 2065 Verbum,
1182 1987 1270 2078 quod
1295 1988 1409 2055 Huno-

218 2110 319 2157 uuro
336 2089 570 2155 restituendum
592 2112 659 2155 esse
682 2113 814 2169 censeo,
844 2091 961 2181 legitur
981 2092 1013 2156 in
1036 2091 1182 2158 Luctum
1201 2092 1350 2184 dialogo,
1375 2095 1409 2160 in

232 2220 297 2290 quo
319 2184 593 2281 versamufwl.
618 2196 676 2275 θψθ
700 2199 771 2261 τοτ’
796 2195 835 2262 θον
860 2199 912 2261 καί
939 2196 1031 2276 μόλις
1054 2199 1326 2278 κατατεμνόμενοι
1345 2203 1408 2280 βοι-

230 2303 293 2367 θὲσι
321 2310 385 2373 τοῖς
414 2301 593 2382 τραύμασιν
616 2298 700 2380 αἷμα
729 2302 835 2380 ὀλίγον
857 2304 1065 2381 ὑποδείξαιτε.
1114 2303 1150 2367 In
1172 2312 1408 2371 KATAMIAJ·

231 2415 393 2473 ΝΕΕΘΑΙ
414 2406 572 2472 delitescit
603 2414 1001 2479 KATATAMNEceAI.
1034 2408 1122 2496 quod
1140 2408 1229 2498 prius
1252 2409 1286 2474 iu
1306 2434 1408 2477 κατα-

233 2512 364 2591 μνεσθαι
385 2512 482 2591 abiit,
507 2512 643 2592 deinde,
667 2525 703 2577 ut
723 2523 805 2577 essct
827 2511 938 2577 saltem
962 2512 1118 2578 Graecum
1140 2515 1352 2593 vocabulum,
1375 2515 1409 2580 in

233 2615 498 2695 καταμιαίνεσθαι
524 2630 546 2681 ¹.
582 2615 743 2707 Spartani
769 2615 983 2682 concidebant
1002 2617 1064 2682 sibi
1087 2618 1215 2684 brachia
1239 2631 1271 2685 et
1298 2620 1409 2685 elicie-

201 2742 204 2748 ·
234 2722 312 2787 bant
332 2715 478 2787 cruorem
498 2734 530 2787 et
550 2722 595 2788 sic
615 2747 719 2811 regem
741 2736 903 2789 mortuum
921 2723 1135 2803 honorabant,
1151 2738 1186 2791 ut
1203 2726 1410 2815 GalliGybe·

182 2876 183 2879 ,
234 2827 302 2906 len,
327 2827 411 2917 (ride
433 2827 611 2893 Lucranuu
631 2832 687 2907 42,
709 2832 774 2915 37.)
802 2828 889 2920 quod
913 2830 1040 2896 Graecis
1060 2819 1203 2898 moribus
1224 2844 1272 2899 est
1293 2856 1412 2901 conre-

234 2934 325 2998 niens
347 2932 537 3012 admodum,
570 2934 602 2998 in
628 2934 719 2998 luctu
738 2935 798 2999 sibi
820 2936 979 3024 unguibus
999 2950 1053 3002 aut
1072 2937 1156 3005 ferro
1176 2929 1317 3005 lacerare
1339 2962 1410 3006 cor-

236 3059 296 3127 pus
318 3050 373 3103 out
391 3061 487 3127 genas
506 3037 659 3104 dilaniare
678 3051 710 3104 et
734 3039 868 3106 vultum.
915 3040 1029 3132 Itaque
1054 3043 1317 3123 κατατοίμνεσθαι
1339 3045 1411 3112 Hl-

237 3161 368 3208 uuuoru
402 3143 589 3223 reddemus,
628 3145 761 3211 verbum
790 3147 924 3226 μιαίνειν
940 3171 1143 3239 reponemus
1171 3149 1206 3215 in
1234 3149 1415 3221 Posronro

235 3251 355 3317 Athen.
384 3250 472 3319 XIV.
496 3277 527 3343 p.
551 3255 614 3318 661
641 3271 669 3318 P.

415 3373 725 3454 ἀντεργολαβοῦντος
749 3372 859 3452 ἔλεγον
882 3375 896 3438 o‘
920 3377 977 3455 μὲν
1001 3379 1040 3450 ὡς
1064 3381 1118 3443 οὐκ
1141 3377 1209 3458 ἔχει

414 3479 482 3557 ῥῖνα
505 3478 641 3558 κμτικην
664 3479 737 3559 τοθς
760 3473 889 3561 τοῦψον,
915 3481 929 3544 ὃ
953 3482 980 3545 δ’
1002 3481 1048 3548 ὅτι
1073 3484 1108 3549 τθ
1132 3483 1218 3562 ςθμα
1292 3536 1295 3541 .

414 3581 559 3662 πονηρὸν,
584 3582 598 3646 ὁ
624 3580 654 3647 δὲ
678 3585 733 3658 την
758 3590 908 3663 γλῶτταν
933 3588 976 3659 είς
1001 3589 1190 3669 ἀσχήμονας

419 3685 585 3763 ἕτιθνμίας
609 3686 690 3752 ἔνιοί
715 3695 839 3754 τετῶν
864 3690 1061 3770 ἡδυσμάτων.

276 3965 296 4028 ¹)
314 3966 371 4014 Hoc
388 3967 531 4030 saepissimo
548 3964 684 4016 Graeculos
702 3977 864 4033 correctores,
882 3974 903 4022 ai
921 3975 968 4024 hoc
985 3989 1057 4039 ages,
1075 3977 1172 4028 videbis
1185 3977 1321 4043 facientes,
1338 3989 1367 4032 nt
1381 3984 1416 4034 nil

240 4047 307 4095 ultra
331 4048 431 4109 singula
451 4050 573 4099 vocabula
598 4051 738 4114 intelligere
763 4069 803 4104 eos
827 4064 870 4106 aut
893 4074 980 4110 curare
998 4070 1122 4124 appareat.
1159 4064 1192 4115 In
1210 4065 1372 4118 Postumo
1389 4067 1418 4117 de

241 4126 335 4178 Abarin.
360 4132 396 4181 11.
417 4133 431 4195 ς
449 4137 490 4182 61.
514 4134 690 4186 suavissimum
708 4146 744 4188 ost
761 4139 859 4191 Comici
879 4141 1062 4206 fragmentum,
1085 4155 1200 4198 tenerum
1217 4165 1247 4200 ac
1264 4151 1344 4202 molle
1360 4153 1416 4202 Mu·

242 4230 344 4268 aarum
361 4217 458 4281 spirans
475 4219 620 4282 ingenium:

511 4305 537 4354 el
555 4306 729 4372 μνημονεύεις
747 4294 777 4359 οὗ
796 4312 898 4361 παθὼν
916 4314 1004 4376 φιλεῖς
1021 4316 1053 4366 τί
1070 4335 1104 4378 με

510 4389 602 4456 derigo)
620 4392 719 4455 nator,
740 4394 852 4456 Φιλῖνε,
872 4401 947 4465 παρὰ
965 4402 1011 4448 σοῦ
1033 4405 1083 4465 τὴν
1100 4402 1179 4469 χάριν

511 4476 610 4526 τούτου
629 4482 680 4546 γὰρ
700 4479 786 4546 αὐτὴν
806 4477 886 4532 ἕνεκα
904 4486 970 4551 πρὸς
988 4480 1014 4535 οὲ
1034 4488 1202 4553 κατεθέμην.
1416 4529 1418 4533 ,

244 4568 337 4618 scribae
355 4583 400 4634 pro
417 4565 750 4622 ΦΙΛΕΙΝΕΠΑΡΑΣΟΤ
771 4577 895 4628 dederunt
913 4580 1004 4639 φιλεῖν
1022 4581 1189 4650 turbatores,
1207 4581 1300 4635 deinde
1318 4585 1363 4637 alii
1381 4606 1423 4647 oa·

243 4651 305 4704 λεῖα
322 4653 505 4719 ἐκαλίοίοοοιι,
531 4666 559 4706 ut
585 4658 634 4708 duo
660 4659 751 4713 saltem
774 4661 896 4713 vocabula
918 4662 1015 4716 Graeca
1037 4665 1133 4727 forent,
1158 4673 1183 4718 et
1204 4673 1292 4719 contra
1311 4675 1422 4722 meeum

249 4755 349 4791 ενεκεν.
1369 4762 1371 4764 ’
