3309 5750
868 644 934 710 396

328 844 461 909 uilicum
492 837 622 905 dicendi
644 859 744 927 genus
772 859 810 904 ex
833 835 982 903 omnibns
1008 831 1164 900 dialectis.
1214 831 1325 901 liores
1345 834 1412 909 icor
1431 836 1502 905 diee-

329 948 408 1013 bant
464 958 495 1012 et
521 946 733 1011 Parnoxrnns
753 946 783 1009 ἐν
804 943 943 1028 Δείπνῳ,
966 940 1083 1007 Dorico
1105 940 1269 1019 carmine,
1300 940 1352 1031 (in
1374 943 1505 1011 Bracari

330 1054 415 1121 Poe!
434 1052 517 1139 [ρο.
536 1076 569 1141 p.
587 1052 669 1138 852)
690 1048 788 1114 diritr
812 1046 1012 1128 ἰσοτράπεζος
1030 1046 1134 1136 prima
1151 1043 1267 1111 ionice
1287 1045 1470 1135 producta,
1483 1062 1506 1116 et

331 1159 375 1225 sic
391 1158 508 1223 caeteri
524 1155 652 1221 brevem
668 1152 860 1244 plerumque
872 1151 1077 1240 relinquunt,
1088 1163 1122 1216 at
1135 1150 1243 1216 sicubi
1254 1151 1397 1222 videtur
1411 1156 1506 1222 eaden

329 1254 425 1351 longa
454 1263 628 1340 Ὁμηρικῶς
658 1258 705 1323 uti
734 1268 877 1348 possunt.
924 1256 986 1340 Qui
1006 1256 1085 1321 olim
1104 1256 1372 1325 intermortuam
1391 1261 1506 1351 Epican

330 1367 443 1460 poesin
480 1376 512 1430 et
546 1365 712 1453 antiquam
752 1362 897 1452 lingnam
931 1374 1040 1429 ratum
1075 1360 1266 1430 lonicorum
1309 1364 1507 1434 Alexandriae

329 1482 520 1539 recorcrunt
549 1482 581 1535 et
608 1471 669 1561 ipsi
696 1469 801 1535 omnia
824 1469 1084 1534 contaminarunt
1103 1480 1136 1534 et
1157 1491 1263 1560 quum
1287 1473 1506 1541 versificatores

331 1590 454 1657 essent,
479 1598 543 1641 non
565 1576 702 1654 Poetae,
726 1574 843 1667 quibus
863 1597 968 1664 neque
986 1574 1154 1664 ingenium
1169 1587 1275 1655 esset,
1301 1600 1419 1669 neque
1437 1602 1506 1645 mens

331 1684 487 1759 divinior,
519 1703 626 1771 neque
654 1680 740 1746 diros
770 1703 868 1759 rena,
901 1701 1007 1770 neque
1039 1701 1209 1769 osmagna
1234 1685 1505 1764 sonaturum,in·

331 1788 414 1853 sulse
436 1785 576 1852 carmina
595 1795 775 1874 panxerunt
791 1783 929 1849 ridiculo
946 1805 1092 1849 sermone
1107 1783 1228 1873 partim
1243 1786 1363 1876 prisco
1384 1801 1421 1857 et
1436 1812 1504 1856 casco

331 1892 447 1983 partim
472 1889 672 1979 sequioribus
693 1890 777 1955 vitiis
798 1888 925 1979 polluto
947 1887 1105 1953 laboriose
1126 1890 1372 1962 consarcinata.
1423 1896 1504 1961 Etian

332 1997 366 2060 in
400 1995 549 2085 prosodia
584 1996 691 2061 omnia
727 2016 844 2085 susque
874 1993 978 2085 deque
1008 1992 1200 2060 habuerunt.
1259 1993 1344 2063 Non
1377 1999 1505 2067 dubitant

332 2100 471 2167 scribere
496 2101 538 2165 roi
555 2101 600 2179 nie
620 2100 707 2165 xxti
728 2099 816 2164 κονλοὶ
838 2099 1020 2181 πέφονποον,
1041 2110 1074 2165 et
1096 2097 1159 2164 ἴσον
1182 2097 1277 2165 κάτω
1303 2098 1377 2170 ἴσον
1395 2104 1501 2178 ἄνοδον,

336 2203 577 2294 (Trecenti.
606 2208 657 2271 19.
682 2216 713 2270 et
738 2201 826 2269 vsst.
854 2206 918 2292 19.)
943 2214 992 2270 et:
1515 2205 1517 2210 ’

556 2312 695 2392 πρέσβυν
718 2310 781 2378 ἴσον
806 2310 920 2392 arripere
945 2305 1010 2376 icon
1035 2309 1152 2376 οὶδόντον
1174 2294 1300 2394 κόραις.

335 2418 482 2508 (ΛπνΙιοῐ.
513 2416 633 2485 Graec.
658 2413 784 2482 licens.
806 2415 868 2482 rol.
891 2414 945 2480 IV.
967 2440 998 2505 p.
1020 2417 1113 2501 229).
1162 2414 1439 2502 Gsnnrrracuus,
1459 2434 1502 2488 'en-

334 2523 382 2587 ius
412 2525 566 2588 immensa
594 2521 733 2590 eruditio
761 2520 885 2587 laudari
913 2532 945 2586 et
974 2519 1085 2587 extolli
1112 2519 1208 2600 solet,
1238 2524 1393 2593 scribere
1419 2525 1502 2619 potuit

336 2627 462 2717 (fragm.
487 2629 582 2715 313):

558 2732 673 2799 πέδιλον
696 2731 739 2797 τοὶ
762 2731 806 2809 μὴ
832 2731 913 2798 πόσε
937 2731 1070 2812 vigores
1097 2730 1206 2812 εὐρώς,

335 2860 401 2905 non
423 2837 607 2905 recordatus
632 2838 665 2903 in
689 2835 785 2903 aerbo
808 2836 891 2903 πόθον
912 2847 944 2902 et
967 2834 1125 2927 quidquid
1145 2834 1222 2904 inde
1238 2840 1395 2909 nascitur
1412 2866 1429 2908 ν
1444 2862 1502 2933 pro·
1526 2901 1528 2908 ,

335 2944 469 3010 ductum
500 2968 575 3010 esse.
626 2942 702 3026 Quis
730 2941 831 3007 nescit
860 2940 1029 3008 Homerica
1052 2944 1129 3020 ‚tete
1154 2943 1248 3011 πύσει
1277 2945 1419 3031 ἄρονρον,
1444 2947 1501 3018 isla

335 3050 467 3114 πύθετονν
496 3049 619 3130 ὄμβρῳ,
646 3058 678 3112 et
699 3045 785 3110 alia?
834 3044 1076 3112 Getttnscttus
1103 3046 1201 3136 igitur
1221 3043 1290 3124 loos
1314 3063 1351 3118 et
1378 3053 1441 3130 ἴσος
1460 3073 1502 3118 suo

339 3153 469 3220 arbitrio
489 3154 675 3245 permiscet,
700 3151 874 3243 scribitque
897 3152 1094 3242 promiscue:

559 3258 674 3340 οοίθνίρς
698 3254 754 3324 ἶπον
779 3260 1021 3339 insessorem.

559 3364 649 3430 ποὶκεν
673 3362 730 3429 ἴσον
752 3363 953 3446 πεπροοβοείῳ.
1006 3384 1010 3392 ·

560 3470 660 3544 κοινὴν
683 3469 885 3536 'desistetne
908 3468 972 3535 ἴσον
994 3467 1133 3552 doleret
1155 3473 1296 3552 φνλῆοοον

561 3577 640 3640 ardor
664 3573 739 3652 μὲν,
764 3576 797 3639 οὐ
820 3572 916 3653 μάλα
938 3575 965 3640 δ’
988 3570 1064 3641 ἶπον.

338 3693 370 3747 et
389 3677 528 3762 ψνμοὶύῳ
550 3678 614 3745 ἴσον
634 3690 667 3745 et
685 3676 787 3759 ἔχθονν
811 3674 877 3744 ἶπον
900 3678 1027 3762 ὀλέθρῳ,
1059 3701 1142 3770 quae
1161 3677 1318 3770 leguntur
1338 3685 1377 3752 in
1396 3685 1506 3777 epigr.

341 3789 403 3865 62,
436 3786 470 3850 in
497 3785 601 3851 Boon.
624 3789 666 3850 53
686 3795 718 3849 et
740 3787 821 3863 211,
853 3784 887 3850 in
912 3784 1024 3852 Iovem
1045 3792 1104 3867 85,
1136 3786 1171 3852 in
1192 3787 1300 3857 Bion.
1318 3794 1404 3860 1253.
1434 3793 1506 3861 etin
1548 3800 1550 3819 '

328 3894 461 3980 fragm.
481 3895 553 3957 118.
579 3888 800 3956 Oanunrcno
819 3890 929 3956 nullus
944 3903 991 3957 est
1007 3891 1208 3982 reliquorum
1223 3893 1258 3964 in
1275 3896 1399 3966 talibus
1414 3899 1507 3966 multo

338 3995 453 4059 melior
473 4006 528 4058 aut
548 3994 698 4081 antiquae
718 3993 846 4082 linguae
868 4007 900 4080 et
916 3993 1087 4086 'prosodiae
1106 3998 1258 4088 peritior..
1298 3999 1425 4073 Omnes
1442 4026 1507 4098 pec-

339 4108 432 4176 cant,
457 4119 566 4162 omnes
585 4087 696 4187 saepe',
722 4119 831 4164 omnes
850 4101 996 4190 turpiter.
1025 4100 1220 4184 Nrcrrnre,
1245 4107 1304 4196 qui
1323 4110 1391 4177 sibi
1409 4110 1507 4177 ionice

339 4201 467 4267 ridetur
493 4202 630 4268 scribere
659 4214 691 4268 et
719 4201 893 4270 floream
920 4206 1075 4273 aemulari
1101 4220 1134 4276 et
1162 4209 1332 4280 Tltcrt‘aca
1352 4215 1510 4289 concludit

341 4307 390 4374 his
414 4309 573 4377 versibus:

473 4415 529 4481 uel
551 4441 602 4482 κεν
626 4422 664 4482 ‘O
672 4417 843 4500 μνρείονο
866 4419 935 4485 νιονὶἸ
944 4420 1040 4487 εἰσέτι
1062 4420 1242 4503 Νοκοὶνδρονο

473 4527 584 4599 naiso
609 4520 710 4602 ἔχοις,
736 4523 787 4589 τὸν
812 4522 921 4605 ἔθρεψε
945 4525 1067 4607 Κλάρον
1092 4526 1247 4608 νοφόεσσοο
1270 4534 1427 4618 πολίχνη.

343 4639 451 4694 tamen
480 4626 595 4718 passim
624 4627 656 4692 in
683 4628 833 4718 prosodia
857 4628 967 4696 ionice
995 4642 1027 4696 et
1059 4632 1191 4698 omnino
1218 4633 1341 4705 Graeca
1372 4641 1514 4733 impingit

303 4822 309 4831 .
342 4746 397 4798 aut
428 4732 627 4825 corripienda
657 4734 837 4824 producens
868 4749 922 4802 aut
953 4736 1127 4828 corripiens
1154 4739 1379 4829 producenda.
1429 4746 1515 4814 Nunc
