3309 5750
829 624 895 691 tet

285 823 361 890 ἀλλ’
386 820 400 885 ὑ
423 822 482 899 μὲν
504 818 579 899 ἀνὴρ
604 812 655 881 ἴδε
680 816 808 896 estete
833 819 872 892 ὑς
898 817 989 898 μέγα
1010 842 1041 885 τι
1062 819 1116 885 καῖ
1138 818 1244 886 καλὸν
1272 820 1463 905 διαπεπραγ-

285 929 386 1009 μένος.
420 925 532 1006 Κοδρὺς
553 922 594 987 ab
616 920 794 986 Atticorum
813 944 873 987 usu
892 922 1058 989 abhorret:
1077 924 1188 1013 potuit
1204 924 1276 991 hoc
1293 925 1464 996 Xerorucr
1546 1005 1550 1012 ι

286 1034 320 1099 in
351 1032 442 1098 lonia
471 1027 628 1094 audivisse
656 1037 689 1091 et
719 1026 924 1116 imprudens,
952 1040 988 1093 nt
1014 1029 1118 1095 multa
1145 1030 1232 1110 alin,
1268 1030 1465 1099 admiscuisse

287 1141 421 1217 Atticis,
454 1149 490 1202 ut
515 1136 549 1200 iu
578 1134 664 1200 libro
689 1134 731 1199 de
757 1156 796 1198 re
821 1139 974 1223 equestri
992 1134 1030 1201 X.
1056 1139 1107 1201 16.
1127 1137 1228 1219 κοδρῷ
1258 1138 1306 1219 τῷ
1327 1141 1465 1219 σχήματι

284 1248 514 1326 γαυοιὺμενος,
549 1253 581 1305 at
612 1239 776 1305 Socratem
804 1238 849 1304 ita
874 1239 1062 1329 loquentem
1086 1240 1200 1307 fecisse
1232 1264 1304 1307 non
1333 1244 1468 1311 arbitror.

285 1348 457 1414 Stourrus
482 1346 516 1411 in
542 1345 663 1412 Floret.
693 1344 765 1411 Vll.
795 1348 837 1410 75
867 1344 946 1434 legit
964 1371 1004 1425 ys
1024 1346 1148 1427 κνὺρὺς,
1174 1347 1342 1437 equidem
1363 1351 1466 1432 γαορὺς

287 1455 453 1545 antiquam
477 1452 649 1519 lectionem
675 1450 819 1541 suspicor
846 1449 953 1516 fuisse.
1000 1450 1038 1517 ln
1064 1454 1082 1538 §
1103 1453 1144 1517 31
1169 1451 1184 1515 ὑ
1213 1452 1389 1526 νεανίσκος
1411 1454 1467 1520 crist

287 1569 327 1643 τῇ
353 1560 492 1648 [ἑαυτοῦ]
517 1557 607 1624 πόλει
629 1557 700 1623 οὑτε
721 1564 786 1629 τοῖς
811 1556 917 1638 Φίλοις
942 1558 1013 1624 οὑτε
1038 1558 1122 1637 αὑπῷ
1147 1554 1239 1633 ἄξιος
1265 1557 1396 1630 οὐδενὸς
1414 1558 1469 1637 tyb

287 1688 376 1745 νετο,
402 1664 512 1755 inepte
530 1674 563 1730 et
581 1673 694 1728 contra
715 1662 859 1727 omnium
878 1684 970 1727 usum
991 1660 1133 1728 abundat
1153 1662 1289 1727 ἑαυτοῦ.
1341 1661 1384 1729 In
1404 1667 1469 1751 §32

287 1769 484 1848 ἑπαγόμενος
519 1766 741 1856 corrigendum
776 1780 826 1833 est
858 1766 891 1831 in
923 1766 1188 1846 ἐπαγαγόμενος,
1219 1766 1258 1831 in
1291 1769 1312 1853 §
1344 1773 1392 1835 33
1413 1770 1468 1860 lege

288 1874 367 1953 ἔγνω
393 1881 532 1955 κρεῖττον
558 1871 596 1936 tv
623 1894 682 1961 pro
708 1867 809 1946 εἶναι,
834 1870 976 1963 denique
1000 1872 1034 1938 in
1054 1876 1072 1958 ς
1093 1876 1148 1937 34.
1170 1873 1237 1950 ἐγὼ
1263 1874 1328 1951 μὲν
1357 1876 1395 1951 st
1415 1876 1468 1942 οὑτε

288 1978 333 2056 μὴ
358 1976 536 2055 μεμνῆσθαι
562 1974 699 2053 δύναμαι
724 1977 820 2040 αὑτοῦ
845 1977 915 2043 οὔτε
938 1977 1135 2057 μεμνημένος
1159 1977 1206 2054 μὴ
1232 1979 1294 2043 οὑκ
1317 1980 1467 2054 ἐπαινεῖν,

290 2080 361 2172 quis
384 2080 567 2145 admonitus
591 2078 752 2144 dubitabit
775 2080 821 2159 μῖς
844 2083 878 2146 οὑ
902 2084 1081 2161 μεμνῆσθαι
1104 2081 1282 2171 recipere?

338 2187 468 2253 Faciam
493 2186 590 2251 finem
615 2186 648 2250 in
667 2186 740 2251 loco
761 2185 994 2254 Dsttcsrurrrrs
1014 2186 1056 2252 de
1073 2185 1115 2253 Id.
1135 2186 1175 2252 L.
1196 2189 1214 2273 §
1238 2191 1324 2258 314.
1347 2215 1381 2282 p.
1403 2195 1468 2269 429,

290 2297 343 2362 22.
372 2296 404 2358 οὑ
443 2293 541 2359 τοίνυν
575 2292 618 2357 ποῖ
651 2290 756 2358 πὺλαι
789 2291 828 2357 ὑν
857 2317 905 2366 τις
934 2292 1002 2374 ἔχοι
1027 2291 1117 2371 μὺνον
1140 2294 1409 2362 εἰπεῖν-ἀλλ’
1428 2299 1467 2380 ἐφ’

291 2402 374 2479 ὑμῶν
402 2398 528 2466 τουτονὶ
554 2401 614 2463 τῶν
639 2395 684 2463 ἔτι
711 2396 827 2479 ζώντων
848 2397 1010 2478 ἀνθρώπων
1034 2396 1144 2461 πολλοὶ
1169 2392 1260 2473 δίκην
1285 2399 1467 2475 δεδώκασιν,

291 2505 324 2571 iu
348 2526 414 2596 qno
444 2504 509 2569 duo
539 2503 647 2568 insunt
679 2501 764 2604 sitia.
810 2503 872 2568 Pro
903 2502 1031 2586 ποῖλαι,
1058 2501 1146 2593 quod
1172 2501 1241 2568 duo
1265 2507 1392 2595 optimi
1409 2508 1469 2573 libri

292 2621 435 2686 serrant,
469 2608 586 2673 caeteri
615 2628 725 2671 omnes
755 2605 883 2671 παλαιοὶ
914 2604 1074 2671 exhibent.
1122 2606 1245 2673 Verum
1271 2622 1325 2676 est
1346 2622 1468 2679 TAHA-

292 2721 505 2779 AAIANTIC
528 2709 583 2779 sed
605 2709 811 2776 scribendum
834 2723 918 2777 erat:
941 2711 985 2776 τοὶ
1006 2711 1123 2776 παλαί’
1145 2711 1185 2778 sis
1203 2736 1276 2793 τις,
1302 2739 1384 2787 nam
1403 2722 1469 2787 diei.

291 2832 345 2886 tur
367 2821 393 2886 oi
422 2817 526 2884 ποὺλαι
553 2816 610 2884 sed
639 2816 682 2881 τοὺ
711 2814 815 2882 πὺλαι
840 2816 995 2896 γενόμενα
1016 2829 1071 2883 aut
1094 2818 1138 2884 τοὶ
1160 2822 1309 2890 παλαιοὶ.
1360 2826 1469 2896 Deinde

292 2925 364 3015 quis
385 2923 508 3013 estqui
529 2945 594 2987 non
616 2920 719 2986 statim
743 2919 903 3010 intelligat
922 2923 954 2986 in
980 2924 1069 3001 ὑμεῖς
1095 2924 1190 2988 οὑτοιῖ
1219 2925 1262 3012 [οἱ
1289 2926 1342 2996 ἔτι
1372 2935 1468 3017 ζὺντες

292 3030 456 3116 ἅνθρωποι]
490 3025 664 3093 absurdum
694 3024 948 3092 additamentum
978 3029 1108 3094 teneri?
1142 3052 1215 3095 nam
1247 3055 1364 3126 neque
1393 3041 1469 3120 ὑμεῖς

295 3132 398 3198 solum
421 3143 484 3196 tum
506 3132 658 3216 insulsam
681 3129 867 3221 epexegesin
889 3129 1064 3198 admisisset
1085 3148 1116 3202 et
1136 3136 1243 3202 multo
1264 3143 1374 3233 magis
1393 3145 1469 3224 ὑμεῖς

293 3239 391 3305 οὑτοιῖ
411 3236 460 3304 rel
484 3237 573 3315 ὑμεῖς
602 3234 665 3302 οἵδε
689 3235 810 3326 respuit
834 3236 993 3302 emblema
1017 3240 1043 3302 οῖ
1067 3237 1112 3303 ἔτι
1137 3241 1249 3322 ζῶντες
1274 3243 1439 3330 ἄνθρωποι.

342 3342 391 3410 Ad
412 3367 484 3435 pag.
505 3347 580 3410 330.
596 3344 728 3422 πλννὺς
746 3338 936 3420 ἐπιβάλλειν
954 3344 1041 3433 quod
1059 3356 1106 3409 est
1122 3345 1208 3442 ³de
1225 3347 1473 3420 Xlrtornorrm

296 3450 337 3516 de
365 3450 450 3541 Rep.
481 3449 677 3515 Lacedaem.
708 3445 749 3513 ll.
778 3449 811 3512 8.
838 3447 872 3511 ‘tl
902 3448 982 3521 δῆτα
1014 3447 1099 3527 εἴπερ
1121 3450 1156 3513 τὸ
1181 3451 1338 3522 κλέπτειν
1362 3461 1471 3540 iratis

297 3555 417 3638 ἐνόμιζε
449 3555 574 3628 πολλοῖς
605 3553 736 3631 πληγαῖς
769 3552 914 3631 ἐπέβαλε
942 3554 985 3634 τῷ
1012 3553 1221 3636 ὑλιοκομὲνῳ,
1248 3577 1390 3631 nonest
1409 3588 1473 3632 cum

298 3662 429 3741 πλνμὺς
461 3659 655 3739 ἕμβὺλλειν·
669 3656 954 3736 confundendum,
984 3670 1017 3722 et
1041 3659 1137 3723 nauci
1165 3681 1229 3726 non
1252 3677 1302 3730 est
1323 3671 1473 3762 scriptura

298 3767 454 3845 ἐνέβαλε,
480 3789 562 3856 quac
587 3777 633 3833 est
657 3766 690 3830 in
710 3787 775 3830 nno
796 3762 907 3830 codice
932 3762 1085 3830 Srcnrnr.
1112 3764 1261 3851 'Dictum
1284 3785 1336 3838 cst
1358 3788 1395 3841 ut
1416 3779 1474 3843 ἐπι·

301 3870 437 3949 βὺλλειν
461 3871 575 3953 ζνμῖαν
601 3870 640 3935 de
664 3871 764 3935 latore
788 3870 867 3959 legis
890 3893 1029 3959 poenam
1053 3869 1137 3935 hunc
1161 3876 1419 3967 constituente„

349 3975 398 4038 Ad
425 3999 495 4063 pag.
523 3979 600 4040 345.
637 3973 724 4056 Quae
748 3976 781 4038 in
804 3975 1048 4042 Atheniensium
1069 3976 1328 4068 Antiquitatibus
1348 4000 1398 4054 est
1417 3988 1476 4056 Le-

303 4095 395 4142 curu
419 4078 611 4158 οῖκορολομία
637 4090 668 4144 et
695 4079 905 4168 negligentia,
929 4079 1039 4146 eadem
1057 4095 1188 4173 apparet
1207 4087 1294 4176 apud
1318 4094 1476 4183 sequiora

304 4204 432 4259 omnes,
456 4182 512 4270 qni
540 4181 704 4249 historiam
735 4183 977 4275 Atheniensium
1004 4200 1128 4254 autres
1153 4188 1275 4258 Atticas
1294 4193 1478 4267 describunt

305 4297 361 4352 ant
387 4302 648 4356 commemorant.
695 4288 796 4380 Saepe
824 4290 857 4354 id
883 4290 915 4354 in
936 4291 1142 4360 Puursncnc
1162 4294 1297 4393 miratus
1315 4324 1408 4386 sum,
1431 4306 1480 4397 qui

305 4415 498 4484 quamquam
522 4393 577 4459 diu
595 4409 627 4461 et
645 4397 783 4463 multum
800 4396 833 4462 in
853 4396 917 4462 illis
932 4398 1028 4464 rebus
1042 4411 1183 4465 uersatus
1199 4413 1245 4466 est
1261 4416 1295 4469 et
1311 4403 1480 4502 diligenter

309 4501 432 4567 Atticos
462 4501 629 4590 scriptores
658 4503 763 4582 trivit,
795 4515 827 4568 et
854 4503 920 4592 ipsa
940 4503 1148 4594 Antiquitatis
1168 4527 1381 4582 monumenta
1400 4519 1479 4584 etiu

309 4605 358 4672 his
377 4605 529 4673 Oebreus
543 4608 745 4689 ψηφίσματα
757 4609 869 4674 sedulo
880 4609 1043 4688 adhibuit,
1058 4621 1163 4676 tamen
1176 4610 1346 4706 antiquam
1358 4623 1431 4692 dice

311 4713 575 4781 consuetudinem
597 4725 628 4780 et
651 4728 804 4807 concepta
825 4715 923 4784 rerba
943 4729 974 4785 et
993 4729 1192 4788 constantem
1214 4742 1308 4794 usum
1329 4727 1451 4822 loquen
1472 4730 1482 4794 i
