3309 5750
853 628 917 691 126

287 800 339 871 ml
363 806 406 887 τῷ
434 803 598 885 perluere,
629 799 693 868 ὅθεν
719 799 832 880 ἔδειξεν
856 804 874 879 ἡ
898 800 1081 881 Δημαινέτη
1105 800 1293 884 προελθόντα
1314 803 1411 871 αὐτὸν
1434 805 1481 869 ἐν·

287 911 451 978 relocatos
470 909 514 976 rb
530 907 599 992 περὶ
617 905 672 975 τοῦ
696 906 783 973 οῖνον.
832 904 962 973 Soloeea
977 907 1081 973 oratio
1104 914 1206 974 estet
1229 927 1291 973 non
1313 909 1395 975 satis
1408 927 1479 996 per·

285 1017 407 1103 spicue.
431 1014 563 1101 Gorrige
579 1012 699 1091 ἔδοξεν,
717 1011 820 1079 idest
842 1013 1015 1079 insomnio
1041 1013 1129 1079 cidit.
1154 1013 1283 1079 Tritum
1305 1022 1357 1080 est
1379 1014 1478 1081 δοκεῖν

285 1121 324 1188 de
343 1120 588 1199 somniantibus,
611 1118 685 1185 vide
709 1118 847 1185 Piraeon.
872 1117 914 1185 ad
937 1118 1056 1185 drururr
1078 1118 1277 1185 Hreoumrrurr
1299 1126 1372 1206 post
1394 1120 1478 1187 blor-

285 1247 378 1293 monn
403 1246 434 1313 p.
456 1230 531 1291 454.
556 1224 612 1293 sed
634 1223 698 1291 alia
720 1221 823 1290 forma
850 1231 991 1302 rueres,
1013 1223 1077 1292 alia
1097 1224 1249 1291 Lucanus
1271 1230 1303 1290 et
1328 1225 1479 1312 aequales

285 1331 471 1399 utebantur.
737 1379 740 1384 -
1130 1386 1133 1391 .

561 1433 708 1513 ἐδοξάτην
730 1454 783 1515 μοι
803 1437 847 1501 τὼ
869 1434 922 1502 cb’.
938 1436 1048 1518 ἠνιεῖοω
1067 1442 1186 1515 μολεῖν.

287 1551 344 1610 aut
559 1538 708 1619 ἐῖοξοῖννν
728 1563 780 1621 μοι
796 1539 849 1607 δύο
866 1540 992 1620 ouvms’
1012 1541 1150 1621 εὐείμονε

670 1679 722 1706 ·-.
738 1677 784 1695 -
806 1679 852 1696 -—
873 1646 917 1721 sle
940 1645 1011 1728 ὄψιν
1034 1652 1153 1725 μολεῖν.

286 1760 344 1818 aut
367 1749 444 1830 ἔδοξ’
465 1752 559 1829 leno,
582 1749 701 1817 ἐδόκουν
726 1753 795 1833 ὀροῖν
814 1757 962 1816 veterum
985 1755 1084 1829 sunt,
1108 1748 1295 1836 aequiorum
1318 1748 1410 1828 ἔδοξα
1426 1751 1477 1818 δύο

286 1856 441 1937 γυναῖκάς
462 1873 514 1938 μοι
532 1858 730 1939 προσελθεῖν,
752 1864 789 1922 ιιι
812 1856 847 1920 ln
864 1855 932 1921 hoc
947 1855 1017 1942 ipso
1039 1855 1108 1925 loco
1131 1855 1282 1921 Lucanus
1303 1856 1477 1943 scripserat

286 1961 394 2048 paullo
420 1971 496 2029 ante
527 1955 671 2039 ῖδοξινιὶ
700 1959 904 2043 Ἀρχιτέλους
926 1962 1006 2041 γυνὴ
1040 1958 1196 2032 taceam
1215 1962 1244 2027 oi
1271 1961 1325 2028 τὸν
1352 1960 1476 2038 Σκύθιν

286 2073 434 2161 ιοελεῦοοιι
466 2070 564 2135 elusio
596 2066 766 2143 Ἀῖιινοιῖοιι
797 2068 889 2145 seri„
915 2065 1003 2154 quud
1033 2066 1113 2134 satis
1147 2073 1293 2134 nostram
1317 2067 1478 2135 alicuem

287 2171 471 2239 confirmat.
776 2239 778 2244 .
1168 2229 1170 2234 -

303 2311 307 2315 ·
332 2270 394 2358 Qut
421 2277 576 2344 Lauerna
600 2275 771 2363 diligenter
786 2293 864 2342 cum
879 2276 1147 2363 Antiquls,quos
1166 2276 1327 2355 imitatur,
1348 2292 1477 2364 eompa-

286 2377 428 2452 rebitet
455 2381 611 2450 librorum
637 2378 819 2469 scripturas
846 2382 880 2447 in
904 2381 1042 2467 ungulis
1067 2382 1210 2448 excutiet
1231 2388 1265 2449 ct
1291 2383 1478 2450 aestimabit
1518 2471 1521 2476 ,

286 2496 319 2554 et
349 2486 394 2553 cd
428 2485 720 2554 Grammaticorum
757 2488 945 2554 testimonia
978 2487 1085 2573 eriget
1120 2493 1154 2552 et
1182 2495 1353 2573 poctarum
1390 2488 1477 2555 locos

285 2600 390 2659 metro
411 2587 591 2661 stabiliores
613 2592 797 2671 adhibebit,
821 2592 911 2659 brevi
934 2591 1092 2679 intelliget
1112 2589 1270 2679 quidquid
1292 2592 1477 2678 scribarum

287 2705 418 2786 captum
441 2707 594 2786 superat,
619 2696 776 2785 quidquid
798 2699 1019 2785 exquisitioris
1035 2697 1187 2764 diationis
1212 2704 1270 2765 aut
1287 2689 1479 2766 elocutionis

248 2885 251 2898 .
288 2797 459 2871 sonabant
477 2812 618 2882 veteres,
639 2802 788 2869 Graeculi
812 2801 936 2870 dudum
956 2803 1153 2882 amiserant,
1176 2821 1250 2868 raro
1273 2787 1422 2871 illaesum
1444 2813 1479 2873 et
1532 2853 1539 2859 -

290 2909 480 2976 inviolatum
495 2926 534 2976 ex
550 2911 687 2975 istorum
711 2908 861 2974 manibus
879 2907 980 2986 elabi,
1003 2907 1059 2975 scd
1083 2907 1133 2974 vel
1156 2906 1274 2995 refingi
1296 2908 1336 2976 ad
1360 2931 1477 2980 noram

284 3011 438 3100 loquendi
458 3013 742 3081 consuetudinem.
758 3021 792 3079 et
812 3013 1024 3100 componendi
1044 3032 1160 3091 usum,
1184 3013 1234 3080 rel
1266 3035 1401 3101 prorsus
1421 3015 1477 3084 de·

284 3116 345 3186 leri
364 3126 398 3184 et
415 3117 581 3186 obliterari
601 3117 790 3184 substitutis
808 3119 944 3184 aerinis
970 3116 1083 3184 lormis
1104 3126 1161 3185 aut
1187 3118 1311 3198 verbis,
1331 3119 1386 3189 rel
1402 3141 1477 3190 oue·

284 3224 352 3291 reri
381 3224 678 3311 interpretamentis
710 3230 743 3289 et
778 3221 911 3289 insulsis
942 3221 1172 3290 additamentis
1203 3224 1365 3310 impediri.
1422 3225 1477 3294 Sic

284 3345 359 3418 pers
380 3329 534 3417 antiquae
548 3328 680 3415 linguae
702 3325 869 3416 disperiit,
893 3339 969 3416 pars
986 3349 1084 3415 aegra
1102 3336 1136 3422 et
1154 3330 1323 3416 inquinata
1334 3331 1475 3399 circum·

181 3509 183 3515 ,
285 3433 407 3502 emur:
441 3434 525 3522 qued
549 3453 662 3502 rerum
684 3440 787 3502 estet
816 3453 933 3500 aarum
953 3434 989 3500 in
1012 3434 1138 3519 lugenti
1157 3433 1314 3501 librorum
1340 3448 1477 3504 numeru

284 3548 318 3608 et
336 3541 469 3607 testium
493 3547 671 3627 utcumque
690 3540 952 3606 dissentientium
972 3538 1181 3606 multitudine
1206 3538 1344 3606 subinde
1372 3541 1476 3608 tenui·

286 3640 346 3713 bus
378 3644 435 3712 sed
458 3646 556 3712 certis
585 3646 731 3731 vestigiis
761 3644 910 3729 indagari
936 3651 1042 3730 petest
1069 3653 1101 3712 et
1132 3644 1189 3712 ubi
1222 3644 1322 3712 semel
1352 3653 1476 3712 rectam

254 3808 257 3813 .
285 3753 372 3818 mam
400 3751 446 3816 sis
480 3751 647 3835 ingressus
678 3748 765 3836 quod
789 3749 924 3835 periisse
946 3748 1117 3816 ridebatur
1151 3749 1278 3816 renasci
1301 3758 1407 3837 potest
1437 3771 1477 3819 ca

285 3858 374 3922 certa
393 3852 561 3941 analogia,
583 3861 641 3920 aut
664 3866 703 3921 ex
723 3855 951 3942 antiquissimis
975 3854 1187 3943 corruptelis,
1210 3874 1292 3941 quas
1312 3857 1476 3924 nemoria-

206 3996 212 4009 ι
284 3977 358 4026 rnru
377 3956 553 4037 attrectat,
581 3965 638 4024 aut
659 3978 700 4024 ex
721 3966 833 4044 poetae
854 3959 923 4025 loco
943 3967 1001 4026 aut
1025 3981 1043 4028 e
1065 3960 1283 4028 Grammatico
1311 3960 1345 4026 iu
1367 3959 1475 4030 lucem

282 4064 437 4133 reuocati.
481 4063 645 4144 Quorsum
666 4061 770 4129 baec?
800 4072 839 4130 ut
860 4065 991 4132 bacinno
1013 4067 1184 4134 restituam
1207 4065 1359 4152 antiquas
1381 4080 1476 4153 quas·

285 4169 358 4234 dam
387 4164 525 4248 lbrmas,
548 4186 629 4255 quas
651 4167 762 4235 sedulo
785 4169 935 4237 Graeculi
957 4190 1016 4257 pro
1037 4179 1136 4258 captu
1154 4191 1217 4238 suc
1236 4171 1356 4258 ubique
1378 4179 1413 4239 et
1428 4172 1476 4238 illi

284 4281 318 4340 et
340 4273 478 4340 nammis
497 4273 648 4340 omnibus
668 4283 869 4342 exemerunt
904 4275 1047 4343 Verbum
1063 4276 1140 4360 χρῖον
1161 4276 1343 4364 peerdtima
1364 4277 1478 4364 longa,

285 4373 385 4469 (unde
403 4379 497 4462 χρεῖοι
521 4379 575 4445 bie
599 4378 665 4446 illic
694 4383 863 4468 apparet),
885 4380 1000 4448 babuit
1021 4381 1098 4447 olim
1123 4380 1260 4449 sormam
1283 4396 1382 4448 uuam
1406 4403 1476 4456 orn·

284 4479 381 4551 aibas
410 4485 564 4551 usitatam
587 4486 748 4569 κέχριμιιι.
795 4485 956 4554 Prodente
974 4486 1153 4574 penrdtima
1179 4487 1306 4574 respuit
1322 4510 1365 4566 ο,
1385 4488 1475 4576 quod

284 4591 449 4678 mquiores
480 4587 698 4668 iniecerunt,
724 4591 898 4676 νέχνιομιοι
929 4591 1094 4671 dicentes,
1117 4591 1203 4679 quod
1237 4601 1305 4658 tam
1337 4612 1484 4680 pravum·

283 4705 333 4763 est
368 4705 465 4784 utque
486 4694 680 4778 antropos.
737 4699 945 4784 Κοχριμένις,
975 4697 1164 4778 κεκονιμένος
1198 4697 1317 4766 Maon
1337 4707 1414 4767 suut
1438 4707 1476 4767 ut
