3309 5750
870 628 935 691 346

319 824 452 891 nomine
469 832 607 888 utuntur
629 831 662 887 et
682 842 783 900 unns,
807 817 897 911 quod
915 819 1032 900 sciam,
1054 819 1208 890 contem
1228 821 1368 890 mediae
1387 846 1501 893 conce

321 931 392 996 diac
418 942 490 1022 post
508 929 655 995 amissam
673 928 856 995 libertatem
874 940 908 993 et
925 927 1089 995 sublatum
1107 929 1159 996 ius
1174 930 1402 999 comitiorum
1416 932 1500 999 11111-

320 1055 447 1103 rrmrrs
470 1036 599 1103 ianm.
623 1033 678 1101 vt.
701 1059 734 1125 p.
757 1037 887 1101 2111.
1009 1039 1012 1046 “

476 1142 568 1221 ταχύ
591 1140 655 1221 γὰρ
678 1141 827 1219 γίγνετοιι
854 1146 872 1227 ΙΙ
894 1140 1133 1215 adnumeres-irc
1156 1139 1343 1217 οἰκόσιτος,
1376 1180 1378 1183 -

320 1249 353 1313 in
374 1248 484 1337 lingua
503 1245 618 1336 populi
638 1244 724 1335 apud
743 1243 894 1334 antiquae
914 1243 1099 1310 comoediae
1117 1252 1234 1335 poetas
1252 1257 1290 1311 et
1309 1244 1500 1314 Oratorerir

321 1376 380 1419 usu
400 1375 465 1419 non
484 1363 548 1430 est,
580 1349 635 1416 sed
655 1350 839 1429 πομπεντοιί
858 1371 953 1416 nemo
977 1371 1130 1439 nmquam
1151 1349 1246 1417 dixit.
1297 1349 1425 1443 Itaque
1443 1376 1501 1420 ccr-

319 1470 427 1525 rector
446 1457 561 1548 aliquis
581 1457 777 1537 πομπεύουσι
797 1457 974 1549 rescripsit,
1003 1455 1090 1547 quod
1115 1479 1153 1522 er
1171 1456 1293 1546 paucis
1315 1460 1500 1549 quibusdan

321 1564 412 1629 libris
435 1576 599 1655 receptum
619 1575 678 1630 est.
723 1562 843 1631 Inscite
861 1562 1036 1629 admodum
1055 1562 1132 1627 ciris
1158 1561 1378 1632 Atheniensis
1399 1567 1501 1633 oblitus

320 1670 416 1760 patrii
436 1671 534 1735 moris
552 1669 632 1735 dicit
656 1676 692 1748 5,
715 1674 767 1736 44.
797 1672 991 1750 εἰσηγήσατο
1015 1670 1068 1734 τὸν
1090 1668 1181 1746 νόμον
1204 1670 1329 1748 Τίμων
1354 1675 1498 1755 'Exarma-

321 1775 406 1840 τίδον
434 1776 629 1849 Κολλυτεὺς,
661 1776 845 1857 ἐπεψήφισε
869 1783 908 1857 τῇ
938 1772 1091 1856 ἐκκλησίᾳ
1119 1772 1231 1851 Τίμων
1257 1774 1275 1838 ὁ
1298 1778 1431 1853 αὖτίς,
1458 1777 1500 1843 ahi

322 1877 400 1968 quid
429 1878 489 1942 sibi
519 1877 598 1943 velit
626 1880 808 1961 ἐπεψήφισε
838 1888 879 1961 τῇ
903 1877 1058 1960 ἐκκλησίᾳ
1087 1876 1245 1967 suspicari
1272 1881 1389 1971 magis
1411 1887 1497 1973 'quan

321 1984 402 2049 scire
422 1994 455 2047 et
473 1982 654 2072 intelligere
674 2005 852 2073 possumus.
884 1980 976 2049 Idem
996 1982 1106 2060 Τίμων
1127 1985 1372 2065 Ἐχεκρατίδου
1393 1992 1497 2054 Korde»

319 2087 393 2159 τενό
419 2099 527 2154 narrat
551 2091 569 2173 §
591 2092 642 2154 49.
671 2089 776 2163 ἐπειδή
799 2086 900 2170 πρῴην
928 2087 1032 2169 ἔλαχε
1055 2098 1094 2170 τῇ
1115 2090 1301 2168 Ἐρεχίηίδι
1327 2098 1424 2179 φυλῇ
1446 2096 1497 2183 διον

319 2192 422 2269 νέμειν
444 2193 478 2256 τὸ
505 2193 642 2274 θεωρικὸν
663 2193 752 2271 cotye
776 2194 945 2274 προσῆλθον
968 2193 1063 2257 αἰτῶν
1088 2192 1123 2258 τὸ
1146 2193 1345 2272 γιγνόμενον
1369 2200 1432 2264 caiz]
1448 2198 1494 2281 ἔφη

321 2296 476 2379 γνωρίζειν
499 2296 630 2374 πολίτην
652 2295 729 2362 ὄντων
751 2320 813 2376 με,
844 2306 877 2362 at
898 2294 1001 2360 bonus
1024 2294 1137 2362 Timon
1159 2318 1244 2385 quae
1264 2311 1357 2367 esset
1371 2323 1434 2370 vsua
1453 2300 1495 2368 tn'·

322 2398 382 2465 bus
401 2398 579 2478 nesciebat,
603 2422 743 2490 namque
761 2401 920 2472 Κολλυτὸν
936 2399 1042 2480 ,δήμίο
1067 2402 1112 2469 ἐςι
1138 2408 1195 2473 τῆς
1218 2403 1403 2481 Αἰγηίδος,
1432 2417 1496 2475 teste

323 2505 609 2574 Hrnrocmncsr
627 2516 660 2570 et
681 2505 760 2571 aliis.
792 2504 896 2572 Habet
910 2505 937 2569 is
956 2527 1044 2571 error
1063 2504 1192 2614 aliquid
1207 2492 1343 2589 reniae,
1365 2524 1401 2577 at
1419 2535 1495 2604 pror·

322 2634 374 2677 sus
390 2612 500 2701 inepta
520 2622 553 2677 et
571 2622 691 2677 temere
711 2633 729 2675 a
748 2609 898 2677 Lucrino
919 2612 994 2677 iicta
1013 2621 1087 2677 sunt
1109 2631 1191 2700 quae
1210 2610 1376 2701 leguntur
1390 2618 1494 2709 inipso

319 2716 535 2809 psephismate
556 2720 575 2803 §
598 2721 649 2783 51.
674 2715 724 2781 ἐπὶ
747 2716 867 2787 τούτοις
893 2713 998 2783 ἄπεισι
1013 2715 1157 2795 δεδίχίω
1181 2726 1220 2799 τῇ
1243 2718 1355 2805 βουλή
1384 2725 1439 2790 ueri
1461 2724 1493 2805 td

318 2824 405 2904 δήμιρ
426 2823 479 2888 κοιί
505 2831 545 2906 τῇ
567 2819 698 2903 Ἠλιοιίρι
720 2819 806 2885 κοντοὶ
827 2819 936 2902 φυλὰς
961 2820 1014 2885 κοιί
1036 2830 1101 2893 τοῖο
1125 2821 1233 2899 δήμοις
1252 2823 1322 2909 tela
1346 2828 1492 2911 acrisoni

321 2932 438 3001 πᾶσιν,
471 2926 504 2991 in
536 2947 618 3016 quac
637 2924 832 2991 conveniunt
850 2923 951 3014 ipsius
967 2922 1113 2992 Lucum
1133 2924 1231 2994 rerba
1253 2934 1291 3006 5,
1318 2933 1348 2997 1.
1375 2931 1493 2999 ἅπαντι
1540 2982 1541 2989 ,

318 3035 425 3097 τωῦτοι
448 3037 539 3111 λήρος
561 3029 763 3111 οὶνωπέφηνεν
789 3027 847 3105 ἔξω
871 3032 926 3093 τοῦ
951 3027 1103 3115 ποιτοὶγου
1122 3036 1183 3096 τῶν
1204 3032 1386 3110 ὀνομάτων.
1416 3038 1493 3108 mn·

320 3134 484 3202 demmcdi
503 3146 550 3201 est
571 3137 589 3220 ς
611 3137 664 3202 51.
687 3128 757 3201 είπε
783 3134 839 3225 τήν
861 3132 988 3212 γνώμην
1010 3133 1148 3212 ,Δημέως
1175 3134 1190 3201 ὃ
1214 3138 1314 3219 ῥήτωρ
1343 3145 1492 3223 συγγενής

320 3244 417 3308 κὺτοῦ
434 3241 598 3322 ’ἄγχω-οὺς
627 3238 681 3305 καὶ
705 3239 847 3318 μαθητής
874 3236 931 3311 ὧν,
957 3237 1014 3303 ubl
1035 3238 1431 3333 verevispraeponera
1448 3247 1493 3315 ad·

322 3347 426 3415 ditum
446 3358 510 3424 est,
533 3368 606 3410 nam
630 3353 714 3412 noto*
729 3341 913 3411 discrimine
931 3344 1085 3424 ἐγχιςείι
1109 3343 1162 3408 κοί
1189 3358 1366 3425 συγγενεῖς
1394 3353 1494 3437 trapi.

321 3479 437 3536 ρονσιν,
474 3452 633 3519 1111101111)
663 3460 742 3518 teste
771 3462 803 3518 et
834 3449 942 3520 multis
969 3449 1050 3515 aliis.
1098 3448 1223 3540 Scripta
1256 3437 1342 3520 hacc
1371 3458 1494 3526 suntin

326 3571 468 3627 extremo
486 3557 717 3650 psephismate,
746 3566 783 3623 ut
808 3577 883 3621 eum
905 3554 962 3645 qui
980 3552 1060 3621 haec
1079 3555 1206 3621 finxerit
1226 3578 1412 3651 numquam
1432 3585 1494 3654 pse.

322 3666 448 3758 phisma
480 3664 592 3731 cidisse
618 3675 650 3731 ct
671 3663 782 3752 legisse
800 3672 939 3751 putares.
985 3659 1058 3732 Non
1080 3661 1324 3732 multc'melins
1343 3670 1495 3752 ψήφισμν

323 3773 417 3838 finrit
441 3775 497 3851 11,
515 3774 575 3849 20,
599 3770 656 3835 ubi
677 3769 807 3835 indocte
826 3766 917 3832 addit
941 3766 1051 3832 τούτων
1074 3767 1329 3844 οὲνοιγνωοίέιτος
1358 3777 1418 3839 τοῦ
1442 3778 1496 3854 φρ.

322 3880 486 3960 φίσμωτος
510 3877 716 3956 ἐπεψήφισεν
739 3874 796 3952 μὲν
823 3873 857 3941 οἱ
880 3869 1000 3952 οίρχωί,
1024 3869 1279 3952 ἐπεχειροτόνησε
1303 3873 1337 3938 δὲ
1358 3876 1399 3943 τὸ
1422 3882 1495 3950 τλή-

325 3986 387 4054 doc:
412 3980 510 4046 verbo
529 3981 766 4057 ἐπιχειροτονεῖν
782 3975 918 4045 subiecit
935 3974 975 4043 de
991 3997 1048 4041 suc
1065 3978 1250 4056 notionem,
1270 4000 1375 4068 quam
1395 3982 1497 4049 rcluit

324 4089 489 4154 Praeterea
509 4105 568 4174 pro
588 4084 690 4148 δοῦνοω
711 4085 837 4162 ψῆφον,
863 4091 898 4145 ut
917 4079 1045 4148 Veteres
1065 4081 1170 4150 dicere
1191 4083 1355 4164 solebant,
1377 4086 1497 4158 Lucu·

325 4211 387 4258 rtus
407 4203 440 4256 et
461 4190 622 4280 sequiores
643 4187 792 4255 dictitant
810 4191 919 4270 ψῆφον
941 4188 1127 4265 οίνοοδοῦνωι,
1152 4190 1225 4258 ride
1244 4195 1303 4271 31,
1324 4196 1356 4260 9.
1389 4218 1496 4286 qnem-

325 4296 499 4363 admodum
530 4319 623 4387 saepe
652 4295 818 4361 οίνωδοῦνοιι
854 4305 981 4384 ponunt
1008 4318 1068 4385 pro
1096 4295 1231 4376 ὀρέγειν,
1265 4323 1297 4367 r.
1319 4308 1348 4368 d.
1379 4303 1496 4384 σκύφοι

327 4405 386 4482 71,
408 4404 458 4469 14.
487 4416 524 4468 ut
542 4408 651 4485 ψήφων
671 4400 847 4470 ἐνωδιδένοιι
867 4401 984 4468 rectius
1007 4403 1203 4470 diribitores
1221 4403 1423 4475 diceremin-
1463 4405 1497 4475 In

327 4511 519 4577 iudiciorum
540 4509 643 4576 verbis
662 4507 799 4599 propriis
818 4520 851 4574 et
875 4508 1024 4598 legitimis
1042 4500 1136 4573 nimis
1156 4531 1250 4600 saepe
1269 4515 1437 4600 peccarit,
1464 4517 1503 4578 nt¹

326 4619 358 4683 in
382 4618 513 4696 49,19.
535 4614 717 4679 οὲποδίδοτοοι
741 4611 836 4691 λόγος
858 4612 993 4694 ἐκωτέρῳ
1018 4617 1077 4678 τῶν
1100 4615 1340 4694 κρινομένων.
1361 4620 1419 4685 uei
1447 4617 1496 4688 λε’·

326 4746 433 4800 γοοσιν
455 4723 485 4786 ἐν
509 4720 551 4800 τῷ
571 4717 656 4798 μέρει
682 4716 775 4796 ὃμὲν
798 4716 911 4785 διώκων
935 4717 950 4780 ὁ
972 4715 1166 4798 δέφειίγων.
1193 4718 1357 4815 :dictrn‘ittn
1379 4721 1460 4793 haee
1483 4746 1498 4787 11
