3309 5750
858 616 901 678 80

292 790 435 858 distorta
447 788 608 874 retingens
627 788 668 856 ad
685 796 821 856 naturae
842 806 986 854 normam
1000 795 1032 854 et
1049 788 1236 854 θοοοοοινιιιι
1260 786 1375 853 usum?
1400 788 1480 854 Bru·

292 916 390 964 uerus
422 902 530 961 autem
559 894 677 980 raptim
702 894 834 960 Lucrino
867 893 965 960 semel
990 894 1174 979 iterumque
1204 892 1343 980 perlecto
1373 901 1425 972 et,
1452 899 1482 959 si

295 1002 375 1089 quid
410 1000 472 1068 sibi
503 1002 589 1066 iuter
611 998 782 1089 legendum
803 997 928 1065 subitae
951 1000 1161 1065 correctionis
1184 1000 1216 1063 in
1254 1007 1396 1064 mentem
1430 1019 1483 1066 ve·

296 1108 419 1195 nisset,
450 1114 613 1183 annotato,
643 1124 759 1171 nouum
793 1102 912 1170 librum
937 1106 1121 1192 pmperavit
1144 1104 1257 1182 edere,
1281 1124 1421 1190 namque
1445 1125 1483 1172 eo

294 1212 405 1278 morbo
437 1211 576 1289 laborat,
613 1230 711 1297 quem
740 1208 824 1274 malo
863 1209 970 1277 dicere
1010 1209 1117 1276 verbis
1144 1209 1319 1276 maximam
1358 1218 1482 1296 partem

292 1316 532 1405 Epicharmeis:

384 1426 418 1488 οὐ
441 1421 613 1503 Φιλάνορος
636 1421 711 1499 σύγ’
734 1420 824 1495 ἐσσὶ,
850 1419 935 1501 ἔχεις
959 1419 1060 1498 νίσον,
1082 1421 1204 1503 χαίρεις
1228 1420 1372 1495 ἐκδιδούς.

293 1548 333 1595 ex
356 1546 419 1613 qua
454 1547 489 1593 re
518 1526 619 1592 bonae
640 1525 768 1592 litterae
798 1531 831 1590 et
858 1544 911 1590 ars
933 1526 1048 1593 critica
1073 1547 1137 1592 uon
1170 1526 1309 1593 multum
1342 1526 1476 1612 capiunt

294 1632 512 1714 emolumenti.
570 1630 623 1696 Sic
650 1631 737 1696 enim
770 1637 915 1695 monstra
941 1638 974 1696 et
1005 1638 1153 1716 portenta
1183 1634 1419 1718 seripturarum
1449 1640 1482 1697 et

295 1739 472 1806 lectionum
503 1737 536 1801 iu
561 1735 693 1801 Lucrino
713 1736 916 1809 intererant,
943 1754 1026 1821 quae
1057 1734 1242 1821 diligentior
1271 1744 1302 1802 et
1326 1738 1483 1802 intentior

295 1844 446 1912 editionis
479 1861 557 1908 cura
591 1840 854 1928 deprehendisset
885 1846 918 1906 et
946 1850 1160 1927 procurasset.
1219 1840 1305 1907 Dabo
1339 1843 1482 1928 primum

297 1947 442 2035 exempla
466 1944 641 2033 quaedem,
668 1967 709 2014 ue
741 1946 915 2013 immerito*
937 1946 1086 2013 Luerauus
1114 1947 1295 2033 plectatur,
1320 1946 1375 2013 ubi
1410 1947 1486 2013 deli·

296 2061 439 2141 querunt
467 2051 541 2129 alii,
575 2051 690 2118 deinde
709 2053 812 2140 ipsius
838 2070 964 2120 errores
987 2050 1141 2137 quosdam
1168 2060 1200 2118 et
1223 2054 1302 2120 vitia
1326 2052 1484 2119 iudicabo.

295 2159 430 2246 Legitur
453 2163 517 2235 51,
546 2162 577 2224 8.
611 2157 662 2224 ἐπὶ
693 2160 749 2234 τήν
775 2160 878 2240 ἀρχήν
900 2158 1091 2241 ἀφικόμενος
1118 2155 1153 2224 εὖ
1176 2155 1232 2224 ole‘
1251 2155 1298 2225 ὅτι
1321 2161 1486 2241 ἀπορήσεις

295 2267 348 2332 καί
369 2265 424 2343 ήδη
452 2265 599 2344 ἀπορεῖς,
622 2262 770 2345 ὁποτέραν
793 2262 1033 2345 τρατήτίον.
1080 2261 1248 2330 Neminem
1270 2263 1410 2329 advertit
1433 2282 1485 2329 ex·

296 2378 401 2436 trema
424 2367 588 2435 barbaries
619 2369 653 2434 in
682 2368 866 2451 τραπήτίον.
913 2369 1064 2454 Corrige:
1088 2369 1236 2451 ύποτέραν
1258 2370 1372 2453 τροίπρ.
1404 2370 1483 2436 roe·

296 2474 370 2542 dius
399 2475 495 2540 etiam
525 2481 566 2554 5,
596 2479 649 2540 47.
681 2474 824 2540 retinuit
848 2476 1006 2540 brunerus
1034 2473 1130 2557 φύσιν
1162 2473 1256 2555 τάχα
1275 2478 1489 2559 τροτκεκοιήσή

295 2605 350 2661 με.
399 2580 489 2663 Quod
511 2580 660 2648 Lucrinus
690 2580 819 2666 scripsit
848 2581 1117 2663 προσκεκοιήσομαι
1143 2598 1205 2644 non
1235 2588 1324 2647 caret
1347 2601 1479 2650 errore:

298 2684 465 2771 signilicat
489 2688 575 2752 euim
605 2685 715 2764 ἔσομαι
739 2685 1005 2768 προσκεκοινμίνος
1028 2693 1060 2751 et
1079 2704 1145 2749 >nou
1169 2684 1228 2750 boe
1250 2686 1348 2751 Tmou
1368 2687 1487 2772 cogitat

297 2790 361 2858 sod
377 2794 662 2872 προσκοινθήσομαμ
707 2791 807 2878 Saepe
835 2792 869 2856 in
897 2790 984 2856 bunc
1014 2809 1154 2856 errorem
1181 2789 1327 2856 incidunt
1359 2792 1484 2879 sequio-

297 2915 367 2972 σεε,
391 2915 569 2982 numquam
590 2905 724 2962 veteres.
772 2897 962 2963 Notavimus
994 2897 1027 2961 in
1056 2897 1265 2972 decredimus,
1287 2898 1321 2977 in
1353 2896 1485 2963 Lucrino

299 3019 394 3086 saepe
424 3000 618 3087 deprehendi
652 3009 687 3066 ut
714 3006 858 3078 47,r14.
888 2997 985 3067 αὗται
1017 3001 1049 3066 δὲ
1072 3001 1103 3074 ἐς
1128 2997 1229 3082 ίίςερον
1252 3001 1485 3081 δεδικάσονται,

298 3104 357 3171 ubi
381 3106 652 3184 indiscretorem
682 3106 805 3172 dictum
837 3107 991 3192 oportuit.
1037 3105 1107 3171 Non
1138 3100 1246 3172 minus
1281 3105 1408 3173 foedum
1438 3118 1487 3174 est

301 3213 367 3289 52,
402 3213 455 3275 69.
478 3213 534 3278 καί
552 3235 603 3292 μοι
630 3213 746 3278 δοκεῖτε
777 3213 820 3286 είς
844 3212 940 3278 καλὸν
968 3212 1273 3289 διατεθήσεσθαι
1297 3215 1352 3288 τήν
1376 3214 1489 3296 διατρι-

299 3316 361 3396 βήν
385 3335 443 3402 pro
465 3317 671 3396 διαθήσεσθαι.
718 3316 855 3383 Librarii
879 3326 1054 3403 peccarunt
1084 3319 1116 3383 iu
1143 3317 1268 3383 Timone
1294 3315 1393 3396 §ee
1425 3320 1489 3386 bicl-

301 3444 411 3504 ριικται
436 3443 493 3508 pro
512 3424 727 3507 διορώρνκται,
754 3430 813 3500 15,
835 3428 888 3489 48.
919 3425 1077 3505 ίοφρῖιται
1101 3444 1159 3510 pro
1193 3424 1406 3507 θσφραίνεται.
1453 3425 1489 3491 lu

302 3532 370 3605 57,
391 3534 445 3595 65.
470 3528 578 3597 editur
600 3532 752 3610 ἀγνώμων
776 3528 814 3595 ἀν
836 3528 899 3604 είκν
923 3530 1013 3594 ὀκνῶν
1037 3530 1095 3595 ὑπὸ
1115 3530 1228 3611 ίχθύοιν
1251 3530 1489 3607 καταδασθή·

302 3657 363 3699 ναι
387 3635 549 3710 τοσούτους
574 3638 668 3711 αὐτὸς
691 3637 781 3716 ἰχθῦς
805 3634 1027 3715 καταφαγών,
1050 3655 1108 3719 pru
1129 3636 1382 3711 aecclesiolam,
1404 3636 1490 3722 quud

302 3758 344 3805 ne
376 3738 527 3805 Graecum
550 3740 681 3825 quidem
709 3747 775 3815 est,
806 3737 941 3803 emenda
963 3740 1194 3814 cassescerent.
1242 3740 1403 3806 Scribitur
1423 3746 1490 3819 58,

304 3848 356 3911 14.
380 3844 555 3921 deceptione
579 3843 715 3911 barbare
733 3866 792 3932 pro
813 3847 1008 3926 ἀνοιχθείσης
1031 3851 1064 3910 et
1087 3843 1221 3910 barbare
1252 3850 1312 3921 70,
1338 3849 1390 3912 11.
1416 3849 1489 3912 sbu-

303 3948 465 4034 χήσανσαι
490 3949 545 4014 ubi
569 3947 809 4035 reperculsus
828 3952 949 4016 θύσοοσι
973 3950 1026 4017 καί
1049 3951 1271 4030 εὐωχήσονται.
1295 3950 1364 4015 Non
1382 3950 1490 4017 melio·

307 4053 354 4117 ris
379 4061 473 4119 notae
495 4053 614 4121 ibidem
640 4055 759 4141 legitur
788 4055 921 4123 verbum
946 4057 985 4124 ab
1008 4056 1077 4142 ipso
1102 4053 1245 4121 Beuurno
1269 4055 1382 4121 lictum
1405 4080 1492 4136 μονο·

302 4164 461 4239 χιτανῶνε
486 4156 639 4226 debuerat
669 4163 840 4244 μονοχίτων
874 4165 911 4228 ὤν
946 4162 1032 4229 dare.
1080 4158 1247 4227 Soloecum
1273 4168 1323 4227 est
1351 4165 1416 4238 60,
1434 4167 1489 4228 te.

303 4262 378 4347 Φέρε
407 4265 646 4345 ἀπολογήσομαι
683 4287 740 4353 pro
771 4270 1020 4348 ἀπολογήσωμαι
1050 4277 1082 4332 et
1104 4270 1165 4344 65,
1190 4272 1220 4333 7.
1252 4269 1488 4348 προκατεδεῖται

304 4386 362 4455 pro
389 4371 612 4451 προκατίδεται
644 4381 676 4437 et
706 4377 772 4450 67,
798 4379 837 4448 7,
864 4379 894 4440 5.
931 4374 1176 4454 καταλείψασαν
1209 4392 1267 4456 pre
1294 4378 1488 4439 καταλιπεῖν·

304 4496 385 4552 σαν,
421 4474 539 4542 ibidem
563 4476 646 4542 mele
668 4480 775 4561 προσίή
798 4478 918 4564 legitur
940 4498 998 4566 pro
1025 4478 1183 4558 προσίεται
1207 4484 1239 4542 et
1265 4479 1488 4556 ἀπεμύκτισας

303 4598 362 4665 pro
381 4580 649 4664 ἀπεμοκτήρισας.
698 4585 851 4669 Turpiter
868 4585 977 4652 editur
1000 4589 1065 4660 67,
1089 4588 1150 4659 15,
1176 4588 1206 4650 e.
1231 4589 1418 4666 πρυτανεῦσι
1433 4606 1490 4671 pro

305 4685 481 4769 τροτάνεει.
530 4687 684 4775 Suspecta
721 4690 800 4757 mibi
825 4692 997 4759 admodum
1022 4690 1122 4756 lorma
1144 4698 1211 4770 est,
1240 4710 1323 4777 «puae
1346 4693 1495 4758 occurrit
