3309 5750
732 642 798 708 377

174 832 287 921 Φίλονς
314 832 381 903 θτι
403 835 442 902 ἀν
468 836 594 912 δάνηται
624 836 768 926 [κακθν],
794 848 850 902 aut
876 834 950 903 XII.
973 837 1025 903 99.
1060 837 1093 899 οὐ
1116 834 1159 899 τά
1187 834 1349 909 μέλλοντα

173 941 297 1008 ἔσεσθαι
321 941 479 1021 βούλομαι
500 941 623 1019 λέγειν,
654 941 697 1007 τά
723 939 908 1022 πραχθέντα
934 940 992 1005 ὑπὸ
1015 937 1130 1003 τοθτιον
1154 940 1187 1003 οὐ
1214 939 1349 1018 δννάμε·

173 1070 220 1119 νος
259 1046 405 1133 [είπεῖν],
441 1057 495 1111 aut
522 1045 624 1111 XVII.
653 1049 681 1111 1.
714 1045 836 1111 δέδοικα
857 1045 901 1123 μη
927 1043 980 1108 καὶ
1012 1041 1080 1123 περὶ
1110 1037 1148 1105 ὧν
1172 1043 1349 1121 ἀναγκαῖόν

171 1151 226 1229 μοί
253 1152 299 1219 ἔτι
334 1150 468 1240 [λέγειν]
503 1150 654 1223 ἀδύνατος
688 1146 709 1215 ὦ
742 1149 785 1216 τά
816 1148 925 1215 δέοντα
956 1148 1066 1212 εἰπεῖν.
1115 1144 1154 1210 In
1177 1158 1255 1213 orat.
1275 1146 1348 1215 XII.

175 1258 266 1341 §22
289 1254 410 1331 ίίκονσιν
435 1255 703 1334 ἀπολογησόμενοι
733 1254 799 1343 [καὶ
825 1252 986 1340 λέγουσιν]
1011 1253 1050 1323 ὡς
1072 1251 1155 1316 οὐδὲν
1178 1252 1272 1316 κακὸν
1291 1255 1350 1334 είρ·

172 1361 326 1439 γασμὲνοι
357 1363 444 1429 εῖσίν.
478 1360 627 1453 putidum
661 1363 831 1428 emblema.
865 1361 1097 1451 dootoyobroou
1116 1356 1295 1445 significare
1317 1360 1348 1422 ἕν

169 1476 210 1548 τῇ
234 1469 394 1552 ἀπολογίῳ
419 1469 504 1548 λέγω
536 1469 592 1548 ιο]Ι
613 1468 865 1547 ἀπολογούμενος
890 1465 977 1543 λέγω
1011 1463 1082 1552 quis
1111 1464 1236 1529 nescit?
1270 1464 1348 1531 ibid.

172 1574 267 1656 §22
300 1573 387 1654 παρά
411 1579 464 1639 τοῦ
494 1574 598 1663 [ποτὲ]
630 1572 683 1637 καί
709 1573 850 1653 λήψεσθε
875 1570 981 1644 δίκηνς
1015 1591 1082 1633 non
1110 1569 1349 1657 coniunguntur

170 1677 248 1742 ποτέ
259 1692 290 1745 et
301 1678 371 1753 καί,
389 1679 544 1746 alterutro
559 1689 704 1744 utuntur.
731 1676 852 1742 Vltiose
870 1672 1013 1740 abundat
1032 1673 1185 1739 articulus
1204 1674 1277 1740 X-II.
1295 1682 1349 1750 53.

170 1784 239 1865 περί
267 1785 354 1873 [τῶν]
379 1788 562 1864 διαλλαγῶν
584 1787 610 1850 οί
634 1784 724 1863 λόγοι
747 1784 924 1862 ἐγίγνοντο,
946 1793 979 1846 et
1000 1780 1089 1848 XIII.
1115 1789 1144 1847 5.
1169 1780 1255 1858 λόγοι
1279 1782 1346 1862 περί

174 1887 259 1977 [τῆς]
290 1893 406 1974 εῖρθνης
438 1890 608 1969 ἐγίγνοντο.
659 1888 697 1954 Iu
729 1899 806 1955 orat.
837 1886 926 1953 XIII.
953 1889 1007 1953 62.
1036 1888 1062 1951 οἱ
1085 1888 1345 1967 τρατηγιίσαντες

169 1994 243 2070 ὑμῖν
277 1995 433 2068 πολλάκις
462 1995 557 2077 μείζω
583 1996 639 2071 την
666 1994 755 2059 πάλιν
784 2001 849 2066 τοῖς
880 1991 1111 2072 διαδεχομένοις
1143 1990 1341 2079 [ςρατηγοῖς]

168 2097 384 2177 παρεδίδοσαν.
435 2098 600 2189 Significat
619 2107 683 2171 τοῖς
708 2097 957 2190 διαδεχομένοις,
989 2099 1235 2163 successoribus
1254 2100 1346 2170 suis,

168 2202 279 2291 inepte
307 2202 406 2292 igitur
433 2213 602 2284 ςρατηγοῖς
626 2203 778 2270 abundat.
825 2201 898 2267 Ibid
920 2205 938 2286 §
959 2205 1014 2268 90.
1039 2203 1148 2267 οὐδένα
1176 2202 1239 2282 γάρ
1262 2200 1346 2282 θρκον

169 2307 195 2370 οἱ
231 2307 262 2369 ἕν
292 2315 434 2387 Πειραιεῖ
467 2307 516 2395 [ἢ]
549 2315 613 2378 τοῖς
643 2309 673 2372 ἐν
702 2307 772 2376 ἀτει
798 2307 941 2389 άμοσαν,
977 2306 1093 2372 rocula
1121 2308 1138 2381 ἦ
1170 2307 1346 2397 corrumpit

169 2410 371 2477 seutentiam.
419 2410 457 2475 Iu
487 2423 564 2475 orat.
593 2410 678 2476 XVI.
706 2415 736 2477 2.
769 2411 798 2476 εί
821 2435 868 2483 τις
894 2409 967 2491 πρθς
994 2435 1036 2489 με
1060 2410 1218 2490 τυγχάνει
1245 2414 1345 2487 ἀηδεῖς

174 2513 206 2602 [ἢ
230 2516 347 2604 κοινοῖς]
376 2515 567 2594 διακείμενος
598 2515 813 2593 urbanitatem
840 2514 979 2582 Atticam
1006 2515 1096 2581 scioli
1125 2515 1345 2582 obscurarunt.

171 2618 263 2703 Quod
281 2621 383 2711 polite
405 2621 527 2686 direrat
547 2620 663 2687 Lusus
684 2619 803 2686 XVIII.
825 2625 855 2686 5.
879 2621 909 2684 ἐν
934 2619 1061 2700 τοιούτῳ
1083 2622 1193 2701 καιρῷ,
1221 2614 1293 2701 ε’νῷ
1319 2623 1345 2686 οῖ

165 2733 290 2795 πλεῖτοι
314 2732 373 2791 τοῖν
399 2727 559 2807 ἀνθρώπων
586 2724 638 2789 καί
661 2724 927 2804 μεταβάλλονται
957 2723 1030 2803 πρὸς
1055 2722 1099 2787 τά
1123 2724 1265 2803 παρθντα
1290 2725 1344 2790 καί

167 2838 240 2904 ταῖς
268 2830 385 2912 τύχαις
409 2830 522 2897 είκονσι
549 2829 662 2896 misera
686 2828 870 2920 depravavit
891 2828 948 2918 qui
967 2826 1132 2917 adscripsit
1158 2828 1344 2916 [δοτνχοῖιν-

164 2960 217 3008 τος
241 2942 295 3001 τοῦ
321 2935 445 3024 δημου].
492 2936 658 3026 Frigidum
687 2937 1008 3026 interpretamentum
1039 2934 1166 3024 irrepsit
1194 2934 1263 3002 XX.
1292 2939 1342 3003 14.

165 3043 242 3106 ἀλλ’
271 3030 365 3106 αὐτὸν
393 3041 569 3126 ἠνάγκαζον
599 3043 754 3122 ἐπιβολάς
780 3040 1010 3120 ἐπιβάλλοντες
1039 3040 1107 3127 [καί
1134 3042 1342 3131 ζημιοῦντες].

165 3146 204 3212 In
229 3147 338 3236 paucis
370 3148 573 3214 manifestum
606 3149 766 3214 emblema
796 3159 924 3213 tenetur
953 3144 1038 3211 XXI.
1069 3149 1120 3210 19.
1151 3146 1202 3210 διά
1232 3147 1341 3222 τίλονς

168 3253 234 3340 [τὸν
260 3251 391 3316 ἅπαντα
414 3252 557 3338 χρίνον],
587 3264 619 3317 et
638 3250 740 3316 XXII.
761 3255 790 3316 2.
820 3254 858 3323 ὡς
884 3249 1027 3330 ἀκρίτους
1054 3250 1167 3322 αὐτοὺς
1190 3250 1251 3329 χρη
1276 3257 1341 3321 τοῖς

162 3354 273 3420 ἕνδεκα
297 3356 487 3436 παραδοῦναι
522 3356 656 3444 [θανάτῳ
681 3355 849 3443 ζημιῶσαι]
885 3354 1019 3418 Iudices
1043 3351 1195 3418 dIcuntur
1216 3352 1340 3434 θανάτῳ

164 3461 336 3543 ζημιῶσαι,
370 3483 434 3525 non
459 3459 697 3527 Undecr'mor'ro'.
745 3459 783 3524 In
805 3469 882 3523 orat.
905 3456 1021 3524 XXVI.
1042 3462 1071 3523 9.
1100 3458 1197 3547 [περὶ]
1227 3462 1287 3522 τῶν
1309 3459 1340 3522 ἐν

163 3564 339 3648 ῖλιγαρχίῳ
369 3549 531 3646 ἀρξάντων
553 3563 663 3638 ἕνεκα,
696 3565 767 3655 quis
788 3563 891 3630 credit
910 3565 980 3645 περί
1000 3565 1116 3631 serrari
1137 3564 1253 3653 posse?
1300 3562 1339 3628 Iu

165 3680 241 3735 orat.
262 3668 412 3736 XXVIII.
437 3673 488 3736 17.
520 3669 605 3749 άμα,
623 3679 687 3744 τοῖς
718 3672 823 3754 φίλοις
851 3656 1030 3735 ἀποδοῦναιΙ
1046 3669 1142 3750 χάριν
1168 3670 1221 3734 καὶ
1251 3668 1340 3750 παρά

164 3782 223 3842 τῶν
244 3778 428 3843 ἀδικούντων
455 3776 538 3865 [τὴν]
565 3777 649 3852 δίκην
674 3778 808 3855 λαβεῖν,
836 3788 901 3843 taur
922 3774 1070 3842 vitiosum
1090 3786 1137 3840 est
1155 3776 1210 3850 την
1236 3773 1339 3853 δίκην,

161 3884 243 3948 acsi
265 3884 335 3972 quis
355 3884 388 3947 in
407 3883 671 3974 praecedentibus
690 3873 858 3948 ἀποδοῦναι
883 3883 939 3957 την
959 3879 1053 3962 χάριν
1071 3881 1169 3947 vellet
1187 3878 1336 3945 scribere.

161 3987 201 4052 In
223 3998 298 4052 orat.
321 3987 437 4054 XXIX.
460 3993 487 4054 l.
513 3989 621 4054 πολλοὶ
646 3987 709 4069 γάρ
733 3981 812 4061 ἦσαν
830 3987 857 4051 oi
881 3987 1085 4058 decertatores
1112 3985 1179 4074 [καί
1197 3986 1224 4050 οἱ
1247 3984 1336 4066 φάσ-

159 4092 279 4178 κοντες]
309 4091 514 4173 Φιλοκράτους
538 4094 773 4173 κατηγορήσειν.
808 4089 843 4157 Si
864 4090 943 4157 baec
964 4091 1032 4181 ipse
1053 4090 1172 4158 Lusus
1191 4089 1335 4180 scripsis-

159 4209 223 4278 set,
252 4197 388 4264 alterum
408 4198 579 4262 articulum
603 4198 770 4263 omisisset:
801 4198 942 4264 eiusdem
962 4198 1086 4286 generis
1108 4198 1267 4264 emblema
1287 4209 1335 4263 cst

160 4324 197 4368 ac
216 4326 310 4394 supra
331 4303 383 4369 καὶ
404 4303 561 4382 λε’γονσιν.
594 4300 677 4367 Ibid.
700 4305 718 4386 §
740 4305 791 4368 11.
815 4304 909 4369 δεινὸν
931 4302 970 4368 ἀν
992 4301 1038 4378 είη
1063 4305 1089 4368 εί
1107 4341 1153 4354 -
1170 4299 1256 4370 ἀθλα
1274 4302 1335 4368 λά-

157 4409 209 4487 βοι
243 4410 299 4483 την
329 4409 381 4472 ὑπ’
412 4406 526 4473 ε’κείνον
558 4407 831 4488 καταλειφθεῖσαν
867 4406 974 4471 οὐσίαν
1012 4406 1111 4496 [ἀντὶ]
1149 4415 1205 4483 τοῖς
1237 4409 1333 4472 αὑτοῦ

158 4513 320 4598 πονηρίας,
345 4513 509 4579 molestam
532 4511 803 4602 praepositionem
824 4511 947 4578 vicinae
967 4511 1108 4600 syllabae
1126 4522 1332 4604 pepererunt.

159 4617 199 4682 Iu
229 4629 306 4683 orat.
337 4618 452 4684 XXXI.
483 4622 535 4684 27.
567 4619 596 4684 εί
620 4642 649 4682 τι
680 4611 714 4691 ἦν
743 4616 885 4696 ἀδίκημα
914 4617 949 4681 τὸ
974 4618 1018 4696 μὴ
1043 4617 1277 4700 παραγενέσθαι
1302 4616 1333 4678 ἕν

158 4721 261 4807 ἐκείνῳ
287 4725 330 4807 τῷ
357 4725 451 4808 καιρῷ
480 4724 575 4805 νόμος
598 4723 637 4789 ἀν
662 4720 759 4809 ἔκειτο
788 4721 857 4803 περὶ
884 4724 980 4789 αὐτοῦ
1007 4725 1176 4806 διαρρήδην.
1222 4717 1334 4785 Scribe

1124 4839 1155 4877 ει
