3309 5750
237 648 307 700 vm

161 788 164 796 .
240 823 373 896 sincera
398 841 469 891 non
491 814 561 889 sint
585 816 868 903 labefactantem,
891 825 926 889 et
948 842 989 889 ea
1014 843 1153 915 quoque
1179 844 1306 919 magna
1331 850 1418 901 cum

241 949 400 1023 libertate
425 945 690 1032 convellentem,
717 945 755 1017 in
777 944 906 1042 quibus
930 969 1041 1019 enare
1066 947 1202 1020 malunt
1225 975 1332 1046 quam
1354 979 1415 1027 ve-

241 1101 321 1150 rum
343 1075 469 1147 videre.
519 1072 597 1146 Hos
621 1072 650 1145 si
673 1072 792 1159 audis,
816 1071 936 1144 Critici
954 1073 1005 1145 nil
1033 1073 1101 1145 nisi
1123 1074 1279 1149 difficiles
1297 1103 1416 1179 nugas

243 1211 373 1302 agunt,
406 1208 510 1274 etut
536 1202 723 1273 Socnnrns
750 1202 1008 1273 Anrsrornanr
1033 1203 1265 1279 λεπτοτάτων
1290 1208 1417 1306 λήρων

239 1332 429 1428 βασιλεύς
450 1329 661 1427 appellatur,
687 1328 735 1401 sic
756 1327 799 1401 iis
821 1328 1029 1402 Oriticorum
1051 1355 1155 1427 opera
1177 1333 1313 1406 videtur
1337 1345 1415 1414 tota

238 1458 366 1533 versari
392 1458 481 1531 circa
502 1455 654 1553 argutias
675 1462 748 1528 tam
776 1455 921 1528 subtiles
946 1464 981 1541 et
1004 1466 1146 1544 tenues,
1170 1485 1277 1553 quam
1302 1462 1414 1539 inuti·

239 1588 290 1661 les
322 1593 357 1659 et
388 1584 524 1657 otiosas.
583 1586 788 1661 Queruntur
815 1584 919 1656 multi
953 1591 1015 1657 aut
1046 1585 1273 1683 indignantur
1303 1590 1415 1667 fidem

238 1721 394 1786 veterum
415 1720 722 1786 monumentorum
746 1712 861 1809 sperni
883 1718 918 1784 et
938 1737 1001 1810 pro
1022 1712 1131 1786 nihilo
1154 1714 1254 1801 duci,
1280 1718 1413 1813 quibus
1477 1732 1479 1736 '

241 1841 271 1914 si
295 1842 378 1913 stari
401 1866 471 1914 non
490 1841 601 1939 possit
620 1839 708 1912 nihil
731 1865 805 1913 esse
833 1840 916 1913 satis
941 1848 1093 1914 certum:
1124 1843 1241 1916 omnia
1261 1847 1413 1919 revocari

239 1968 286 2043 ad
316 1993 507 2066 paucorum
530 1968 714 2042 arbitrium
737 1975 772 2042 et
792 1966 974 2041 libidinem
997 1968 1168 2064 quidlibet
1190 1971 1414 2062 addentium,

239 2098 474 2187 dementium,
509 2097 741 2172 mutantium:
783 2121 853 2168 non
885 2096 950 2169 hoo
982 2096 1178 2193 agendum,
1212 2099 1273 2171 sed
1303 2100 1412 2182 inter·-

239 2226 409 2325 pretando
437 2225 553 2322 potius
577 2225 674 2303 locos,
694 2223 849 2300 difficiles
871 2229 907 2296 et
929 2221 1104 2298 intricatos
1129 2224 1289 2321 expedire
1309 2253 1413 2326 opos.

238 2362 328 2441 tere,
366 2377 437 2426 non
470 2360 600 2427 temere
627 2351 814 2426 rescribere
845 2352 883 2424 id
918 2351 1014 2448 quod
1042 2352 1283 2451 unusquisque
1307 2357 1415 2451 nullo

239 2480 381 2580 negotio
403 2481 584 2579 intelligat.
1340 2559 1342 2563 ,

287 2612 369 2684 Non
392 2616 475 2684 sunt
495 2609 560 2683 bae
579 2608 758 2708 opiniones
774 2606 953 2705 imperitae
974 2606 1208 2680 multitudinis
1222 2615 1362 2687 tantum
1377 2622 1413 2687 et

240 2737 336 2835 vulgi
358 2737 515 2811 omnium
536 2761 653 2809 rerum
679 2734 810 2834 ignari:
836 2733 928 2808 bona
953 2758 1034 2833 pars
1055 2735 1269 2809 eruditorum
1291 2746 1326 2811 et
1350 2742 1413 2838 qui

238 2867 324 2941 alios
349 2864 515 2939 erudiunt
536 2871 571 2937 et
594 2863 766 2962 principes
787 2861 824 2934 in
850 2888 921 2960 rep.
944 2862 1008 2935 viri
1033 2863 1070 2936 in
1094 2864 1216 2939 eodem
1239 2866 1412 2964 opinionis

140 3011 144 3024 “
238 3019 351 3069 errore
374 2998 564 3066 versantur.
598 2992 722 3068 Quum
743 2997 825 3064 ante
848 2989 912 3063 hos
935 3015 1064 3087 paucos
1087 3016 1195 3065 annos
1218 2995 1313 3090 apud
1336 3022 1409 3071 am·

240 3122 437 3221 plissimum
468 3118 638 3192 Ordinem
664 3119 707 3191 de
727 3117 945 3193 emendanda
965 3118 1183 3192 institutione
1202 3120 1413 3199 Academica

241 3249 373 3337 mentio
401 3247 528 3323 iniecta
549 3253 657 3334 esset,
679 3253 715 3348 et
740 3252 919 3340 censerent
940 3247 1099 3319 nonnulli
1120 3259 1191 3320 non
1212 3255 1340 3324 temere
1361 3253 1414 3328 od

239 3377 421 3454 Lectiones
449 3374 676 3452 Academicos
708 3400 767 3449 eos
800 3399 875 3447 esse
909 3373 1162 3460 admittendos,
1194 3375 1256 3471 qui
1280 3377 1326 3450 ed
1352 3379 1414 3456 illa

239 3505 356 3580 studio
373 3503 552 3579 immaturi
569 3503 719 3577 nimium
735 3509 771 3576 et
786 3502 934 3599 impares
949 3501 1150 3576 secederent
1172 3504 1282 3600 (quod
1302 3520 1414 3605 quam

241 3633 378 3708 salubre
401 3638 438 3705 et
460 3631 665 3729 frugiferum
692 3629 741 3701 sit‘
764 3653 821 3701 me
849 3629 1100 3725 quidem'usus
1123 3628 1275 3722 docuit),
1309 3635 1414 3716 vehe-

240 3768 374 3835 menter
403 3759 539 3838 obstitit
568 3757 621 3838 ,vir
647 3781 711 3829 nec
736 3779 815 3828 meo
844 3755 973 3829 iudicio
1003 3757 1132 3830 stultus
1163 3764 1199 3830 et
1224 3782 1288 3833 suo
1312 3763 1416 3843 valde

242 3888 395 3982 sapiens,
430 3887 493 3982 qui
508 3948 511 3955 .
524 3911 561 3963 se
577 3883 706 3989 ¹iudice
739 3881 973 3957 adolescentes
1008 3883 1056 3956 sic
1090 3883 1174 3957 satis
1207 3895 1348 3984 paratos
1376 3901 1415 3969 et

241 4013 369 4110 peritos
385 4013 590 4098 ‚essetdinib
618 4034 797 4108 unamque
820 4011 909 4089 nihil
931 4037 1019 4109 opus
1044 4037 1119 4085 esse
1143 4020 1184 4085 ut
1203 4014 1418 4099 Academica
1445 4069 1451 4074 -

241 4138 464 4216 iuventusad
478 4140 643 4243 Criticam
663 4138 900 4239 sublimiorem
907 4118 1149 4233 informetur.''
1173 4142 1301 4218 Multis
1317 4147 1417 4231 visus

241 4274 294 4339 est
314 4267 446 4364 aliquid
461 4267 609 4355 dirisso,
629 4267 757 4365 quibus
773 4275 811 4341 et
826 4291 881 4341 res
899 4273 934 4339 et
948 4291 1075 4343 nomen
1088 4268 1235 4345 Criticae
1252 4273 1417 4377 odiosum

240 4400 276 4469 et
293 4395 478 4468 molestum
494 4403 566 4483 est,
589 4396 791 4494 praesertim
810 4394 1039 4477 sublimioris
1058 4395 1188 4483 Ceteri,
1207 4399 1269 4503 qui
1291 4405 1415 4498 serbo.

238 4545 317 4595 rum
352 4523 558 4597 sententiam
587 4523 783 4621 diligenter·
804 4524 915 4597 solent
945 4522 1177 4620 perpendme,
1208 4525 1418 4637 fatebuntur

238 4649 372 4726 facilius
389 4677 463 4728 esse
478 4652 542 4728 hoc
557 4652 690 4728 dietum
706 4652 871 4728 admirari
886 4674 994 4749 quam
1006 4650 1210 4749 intelligere.
1237 4654 1418 4752 Equidem

238 4805 328 4883 quae
343 4781 388 4858 sit
401 4781 528 4859 Critice
544 4785 717 4865 sublimior
732 4789 767 4863 et
783 4805 829 4857 an
840 4780 891 4855 ,sit
906 4779 1022 4876 aliqua
1034 4780 1190 4887 temilier
1204 4762 1416 4864 (triticeum
