3309 5750
879 630 922 696 20

300 808 471 874 sanitatem
500 814 532 873 et
555 798 746 893 elegantiam
772 803 942 872 scribendo
966 804 1141 881 referrent,
1173 800 1289 871 deinde
1313 802 1367 869 ubi
1392 804 1491 873 libra·

299 917 422 979 riorum
443 912 542 990 vitio,
567 933 628 978 non
649 913 834 1000 scriptoris,
859 912 982 977 laborat
1001 911 1155 977 orationis
1174 912 1260 976 nitor
1276 909 1377 976 leram
1395 930 1490 998 opem

300 1029 334 1088 ct
358 1020 581 1108 quodcumque
612 1039 715 1104 genus
738 1018 892 1083 vitiorum
925 1017 1139 1101 insigniorum
1165 1014 1307 1082 indicare
1329 1015 1436 1082 obiter
1459 1028 1492 1085 et

299 1147 435 1212 arguere
467 1134 595 1211 potero,
631 1123 803 1210 diligenter
833 1122 961 1188 faciam.
1020 1120 1140 1186 Eadem
1178 1140 1274 1206 opera
1306 1119 1413 1186 dicam
1450 1123 1490 1191 de

299 1232 440 1297 Mmuunn
464 1239 496 1296 et
519 1231 658 1295 Brutum
686 1228 881 1294 editionibus
910 1227 993 1293 οὐδὲν
1025 1225 1285 1306 ὑποςειλάμενος,
1316 1233 1353 1291 ut
1384 1248 1491 1314 neque

297 1356 372 1402 vera
393 1336 463 1402 laus
484 1337 524 1400 iis
547 1334 693 1399 detracta
716 1353 819 1419 neque
843 1333 922 1399 lalsa
949 1330 1055 1397 allicta
1087 1351 1157 1397 esse
1179 1332 1339 1397 videatur.
1389 1333 1488 1418 Equi·

299 1441 372 1509 dem
396 1451 570 1527 utrumque
593 1440 748 1505 editorem
763 1439 872 1523 magni
896 1437 996 1516 facio,
1021 1458 1084 1523 quo
1108 1438 1229 1522 magis,
1250 1437 1278 1500 si
1301 1435 1380 1522 quid
1401 1438 1488 1505 vide·

297 1547 419 1613 buntur
443 1565 589 1621 errasse,
614 1543 840 1610 demonstrabo
859 1554 891 1609 et
912 1543 1123 1628 redarguam,
1147 1562 1210 1607 non
1232 1540 1379 1609 tacturus
1400 1544 1486 1611 idem

297 1654 330 1717 in
355 1653 416 1727 iic,
441 1670 520 1737 quos
541 1658 780 1715 contemnerem
804 1656 836 1714 et
858 1648 1064 1734 negligendos
1089 1655 1248 1732 putarem.

342 1757 447 1821 Erunt
472 1754 606 1820 fortasse
630 1764 660 1821 et
692 1775 778 1819 nuno
803 1755 859 1840 qui
888 1774 940 1819 me
974 1752 1189 1817 inhumanum
1213 1772 1282 1817 esse
1310 1750 1486 1820 vociferen-

297 1870 352 1926 tur
374 1869 405 1926 ct
431 1860 556 1946 magnis
576 1860 770 1926 clamoribus
795 1869 893 1945 agant
914 1867 971 1925 ant
992 1858 1173 1923 maledictis
1204 1865 1329 1923 certent
1355 1867 1388 1925 et
1412 1879 1486 1924 con·

297 1966 411 2043 viciiS,
447 1965 565 2051 quibus
590 1966 669 2030 nibil
693 1984 846 2051 reponam
879 1974 1006 2052 praeter
1026 1964 1106 2029 duros
1134 1963 1310 2029 versiculos
1338 1963 1485 2031 Horatia·

297 2091 355 2136 nos
379 2072 490 2157 paucis
516 2072 649 2136 mutatis
674 2072 705 2135 in
733 2091 837 2135 meam
862 2091 929 2136 rem
955 2068 1228 2135 accommodatos:

432 2177 471 2242 Ili
496 2176 575 2241 bene
600 2175 752 2252 lecerunt¹
770 2176 883 2240 bituris
906 2196 957 2241 me
981 2174 1129 2259 quodque
1152 2174 1246 2238 iocosi

429 2282 566 2347 Finxere
589 2280 730 2366 ingenii,
754 2299 827 2344 raro
852 2287 883 2345 et
907 2298 1066 2365 perpauca
1090 2280 1259 2344 timentem.
1365 2277 1369 2286 '

338 2385 375 2451 In
409 2406 446 2453 ea
471 2408 597 2473 quoque
622 2407 657 2453 rc
681 2387 843 2451 Ponsouuu
867 2385 964 2471 probo
988 2391 1019 2449 et
1052 2404 1189 2469 sequar,
1213 2384 1293 2469 qui,
1316 2392 1399 2451 teste
1421 2386 1484 2453 llo·

290 2511 384 2557 nunno
410 2493 454 2583 (in
477 2492 648 2558 deverel.
674 2514 703 2579 p.
724 2491 756 2579 u)
783 2491 916 2557 carebat
943 2491 1047 2576 »ficto
1068 2490 1127 2554 itta
1150 2493 1317 2576 fucataque
1337 2490 1479 2557 bumuoi·

288 2609 369 2675 tcte,
402 2620 481 2685 quoe
512 2619 608 2684 qurum
634 2599 719 2663 bouis
743 2609 835 2685 utque
883 2597 997 2674 mulis,
1028 2594 1137 2659 amicis
1166 2594 1361 2681 inimicisque
1395 2597 1485 2663 iuetu

296 2704 491 2781 dimidietur,
512 2726 571 2768 arou
585 2705 701 2768 uticum
714 2706 742 2768 ei
754 2716 817 2769 tam
831 2704 921 2769 ualde
934 2702 1081 2767 Iutrdotur
1099 2723 1117 2764 u
1130 2700 1234 2764 stultis
1254 2710 1346 2786 etque
1368 2702 1483 2787 impro-

297 2811 376 2875 bis.”
409 2809 578 2875 Caeterum
599 2809 632 2873 id
657 2829 768 2895 agam,
793 2818 828 2876 ut
854 2829 936 2896 quiae
956 2806 1094 2872 scribam
1119 2806 1270 2871 Moturum
1297 2805 1358 2892 ipsi
1383 2806 1481 2893 potis·

294 2918 414 2982 simum
427 2915 632 2998 Bnnnnnoque
655 2915 852 3000 probentur,
878 2913 963 2999 quod
984 2914 1011 2976 si
1032 2911 1186 2989 effecero,
1211 2911 1348 2989 caeteri,
1372 2931 1482 2998 spero,

293 3029 348 3087 aul
370 3019 457 3084 bisce
481 3019 687 3103 acquiescent
707 3026 763 3084 aut
787 3020 909 3084 rectius
933 3018 1029 3084 etiam
1055 3017 1269 3102 negliguntur.

336 3127 486 3191 Lucrinus
508 3132 539 3189 ct
559 3123 690 3189 Lucrino
714 3122 879 3209 aliquanto
901 3123 1059 3188 recentior
1079 3124 1248 3186 ducrnnnou
1274 3121 1362 3209 (nam
1382 3144 1477 3210 quem

290 3241 357 3298 tam
383 3250 476 3317 saepe
499 3237 530 3296 et
553 3236 618 3292 tam
643 3227 812 3294 manifesto
837 3230 1006 3305 imitatur,
1031 3236 1067 3292 ut
1088 3227 1211 3312 siquid
1235 3227 1275 3292 ab
1298 3228 1352 3293 illo
1375 3229 1478 3316 lepide

289 3345 456 3423 repertum
476 3343 532 3402 aut
556 3342 690 3401 venuste
710 3336 833 3402 dictum
857 3335 949 3400 sitin
970 3352 1045 3398 suas
1065 3332 1225 3418 Epistulas
1250 3333 1356 3400 verbis
1379 3355 1477 3422 paene

290 3443 423 3509 totidem
456 3440 647 3519 transierat,
679 3443 707 3508 ei
732 3440 875 3527 aequalis
907 3447 963 3504 aut
997 3458 1094 3523 prope
1118 3439 1260 3523 aequalis
1283 3439 1383 3506 luisse
1416 3462 1477 3507 non

290 3548 406 3637 potest)
421 3549 648 3634 scriptitarunt
666 3547 729 3611 illis
746 3545 960 3630 temporibus,
985 3563 1085 3629 quum
1100 3564 1192 3608 nemo
1209 3544 1375 3611 videretur
1400 3547 1479 3613 benc

290 3653 397 3719 dicere
421 3673 512 3739 posse
533 3673 575 3717 au
613 3652 776 3724 scribere,
802 3652 857 3734 qui
879 3670 941 3714 non
962 3669 1089 3714 oninem
1114 3651 1271 3715 sermonis
1294 3652 1418 3736 copiam
1439 3672 1477 3719 ex

289 3765 435 3822 veterum
461 3756 591 3840 scriptis
615 3755 794 3839 collegisset
813 3761 845 3818 et
868 3753 995 3819 dicendi
1019 3757 1165 3820 usumin
1192 3756 1341 3820 omnibus
1364 3757 1406 3822 ad
1426 3778 1476 3824 vc·

286 3869 398 3926 terum
431 3859 697 3925 consuetudinem
733 3859 910 3944 exegisset,
946 3859 1083 3946 denique
1117 3881 1217 3947 quum
1250 3860 1335 3948 apud
1367 3861 1477 3930 doctos

289 3965 417 4030 nullum
447 3965 581 4030 verbum
605 3965 684 4030 satis
709 3965 860 4030 Graecum
883 3973 915 4031 et
939 3966 1073 4053 probum
1097 3966 1283 4044 rideretur,
1307 3967 1392 4052 quod
1412 3989 1476 4035 non

285 4071 443 4137 idoneum
463 4078 579 4136 testem
600 4078 633 4134 et
652 4077 816 4136 auctorem
839 4090 878 4136 ex
897 4073 1040 4158 antiquis
1059 4071 1170 4138 Atticis
1189 4071 1330 4138 haberet.
1379 4074 1478 4141 Plena

289 4175 509 4261 exemplorum
535 4183 611 4240 sunt
646 4175 765 4261 scripta
788 4176 944 4242 Acaunum
979 4186 1011 4242 ct
1036 4178 1191 4243 Ponnuurs.
1239 4176 1332 4242 Plebs
1354 4179 1478 4247 interea

291 4284 325 4348 in
349 4280 434 4346 diem
459 4280 563 4365 magis
585 4280 713 4346 dicendi
733 4281 952 4347 sinceritatem
974 4281 1168 4367 depravabat
1192 4282 1407 4369 utebaturque
1430 4285 1475 4351 di-

282 4387 398 4455 ctione
422 4384 641 4452 incredibilem
671 4386 705 4450 in
729 4384 860 4452 modum
886 4387 1018 4466 vitiosa,
1050 4388 1144 4454 cuius
1167 4387 1215 4452 rei
1242 4389 1386 4474 exempla
1408 4412 1476 4458 sex-

288 4499 383 4561 centa
414 4499 489 4557 sunt
512 4492 596 4577 apud
619 4494 719 4572 istos,
744 4494 800 4579 qui
820 4494 1001 4564 'Acatucci
1027 4493 1249 4580 appellantur,
1278 4495 1477 4564 Pnnrmcuuu

280 4622 316 4666 .v.
335 4621 363 4666 c.
389 4606 421 4665 et
450 4598 631 4674 blonnmnn,
663 4599 718 4685 qui
742 4619 853 4665 omnes
882 4619 943 4663 non
970 4599 1029 4662 boc
1060 4607 1180 4684 agunt,
1214 4608 1248 4665 ut
1272 4620 1353 4685 quae
1377 4600 1476 4668 suerit

282 4707 435 4793 antiquae
454 4703 591 4782 Ἀτθίδος
614 4706 697 4773 ratio
720 4713 751 4772 et
776 4725 855 4772 usus
879 4704 1014 4775 doceant
1039 4704 1126 4793 (nam
1151 4704 1230 4770 nibil
1251 4704 1332 4772 foret
1357 4706 1473 4778 horum
