3309 5750
858 637 900 699 66

286 833 384 881 runnu
417 810 563 878 debuerit
595 811 756 887 scribere,
788 812 997 896 scripseritne
1032 810 1167 876 aliorum
1201 818 1269 876 esto
1302 811 1472 877 iudicium.

288 920 440 986 Graecum
465 926 534 984 est:
564 920 641 983 αλλ’
660 921 714 984 οὐκ
743 913 777 994 ἦν
805 917 1013 996 Λακεδαίμων
1033 916 1123 982 τοίδε
1146 918 1222 982 αλλ’
1246 919 1371 993 Ἀθῆναι
1401 921 1471 986 ιιτὲ.

283 1026 334 1093 tte
356 1024 533 1111 loquuntur
555 1025 610 1110 qui
627 1029 827 1111 praesentem
849 1021 1011 1088 torturam
1032 1042 1107 1088 cum
1125 1021 1272 1099 meliore,
1290 1043 1372 1109 qrrnc
1392 1022 1471 1090 olim

283 1130 399 1207 fucrit,
421 1138 623 1216 comparant,
641 1137 697 1195 nut
718 1147 807 1194 suam
832 1127 945 1192 moesti
966 1135 998 1192 et
1020 1126 1162 1212 queruli,
1186 1138 1241 1193 aut
1261 1128 1398 1194 alienam
1422 1131 1471 1195 io·

285 1237 360 1303 testi
379 1244 412 1302 et
428 1235 520 1301 irati.
567 1232 722 1320 Exempla
760 1232 888 1318 collegit
912 1234 1108 1298 Marrucinos
1129 1233 1169 1297 ad
1192 1234 1348 1299 Eunrruus
1377 1235 1471 1301 Troo·

284 1342 338 1408 des
360 1360 408 1407 vs.
429 1344 494 1407 99:

511 1440 594 1520 όονα,
617 1444 810 1523 δυσδαίμων,
835 1443 959 1509 πεδόθεν
987 1445 1150 1527 κεφαλήν,

509 1547 634 1630 ἐπόειρε
657 1550 763 1632 δέρην,
788 1548 888 1615 οὐκέτι
910 1548 1006 1629 Τροόα

504 1654 582 1719 σσόδε
601 1656 653 1720 καὶ
677 1655 814 1734 βασιλῆς
835 1656 928 1733 ἐσμὲν
949 1654 1083 1736 Τροόας,

283 1759 468 1827 luculentus
487 1760 647 1845 imprimis
668 1769 717 1826 est
738 1760 827 1825 locus
851 1760 1036 1825 Tuncrumrs
1057 1758 1109 1824 Vl.
1123 1764 1177 1824 77.
1198 1762 1252 1824 οὐκ
1268 1762 1370 1834 Ἴωνες
1390 1759 1469 1827 τόδε

283 1867 360 1932 εἰσὶν
391 1865 452 1932 οὐδ’
476 1863 714 1940 Ἑλλησπόντιοι
749 1866 802 1932 καὶ
833 1871 977 1941 νησιῶται
1001 1900 1046 1915 --
1077 1864 1167 1929 οὶλλοδ
1196 1874 1313 1946 Δωριῆς
1348 1867 1469 1932 ἐλεύθε-

282 1996 336 2056 ροι.
353 2009 401 2022 --
421 1972 670 2050 λειωοθυμθσαςε
699 1970 849 2036 Graecum
868 1978 918 2036 est
944 1971 1160 2047 λιποθυμήσας
1186 1979 1217 2035 et
1239 1970 1396 2056 quidquid
1417 1992 1468 2038 eo·

283 2077 357 2145 dem
375 2076 469 2144 modo
488 2084 537 2142 est
557 2076 769 2161 compositum
785 2077 923 2162 primam
945 2076 1089 2161 corripit.
1115 2075 1212 2140 Docet
1224 2075 1283 2141 hoc
1304 2075 1468 2161 analogia,

282 2201 380 2269 quam
416 2201 496 2253 usus
519 2189 687 2267 poetarum
711 2181 904 2258 confirmat,
935 2180 1073 2248 editores
1092 2179 1216 2246 malunt
1242 2182 1408 2267 imperitos
1431 2183 1469 2250 li·

281 2287 407 2355 brarios
431 2287 531 2372 sequi.
555 2326 601 2336 —
623 2288 654 2354 tv
679 2287 794 2370 οοθτῳε
819 2286 936 2353 melius
959 2286 1130 2352 omisisset.

326 2392 429 2480 Epist.
450 2398 503 2459 ns.
529 2391 553 2482 §
576 2398 605 2459 5.
640 2395 695 2459 οὐκ
720 2392 837 2475 σἰχαρις
870 2393 1050 2476 όφθῆναιε
1075 2390 1273 2458 Atriorum.
1307 2391 1376 2480 §le
1402 2405 1464 2461 Πν-

281 2497 459 2581 θανορινιόςτ
490 2497 574 2564 male
598 2517 655 2583 pro
683 2498 898 2580 Πυθαγόρειος.
929 2498 1006 2586 §a
1031 2495 1066 2574 ἦν
1098 2495 1159 2577 γάρ
1184 2499 1270 2563 xva:
1294 2496 1467 2583 legendum

280 2604 439 2670 arbitror:
463 2600 535 2686 εἶχε
557 2602 620 2685 γάρ
644 2613 677 2669 et
698 2603 798 2686 φέρων
821 2602 1080 2690 expungendum.
1113 2611 1138 2691 5
1158 2608 1187 2667 7.
1219 2602 1387 2685 ἔρρεγχενε
1412 2605 1466 2671 Ar·

280 2710 334 2775 tici
363 2708 482 2793 ῥέγαειν
513 2707 671 2775 dicebant.
707 2714 783 2798 §a
813 2709 912 2792 οὕρειτ
936 2728 995 2796 pro
1028 2708 1131 2790 εὀόρει.
1155 2746 1201 2760 —·-
1223 2710 1254 2773 ἐν
1287 2711 1464 2793 ὀφθαλμοῖς

280 2813 428 2883 acuum
456 2812 634 2903 [ὃρθντων];
660 2814 735 2880 tolle
754 2814 922 2882 emblema.
946 2817 1079 2896 ἐνεργεῖν
1096 2831 1115 2878 a
1135 2812 1300 2882 Graeculis
1319 2824 1465 2884 sumtum

277 2929 337 2988 est.
360 2928 385 3009 ὃ
406 2925 457 2986 10.
475 2918 583 2995 ,οὐδείς
616 2921 661 2989 ε’ςι
685 2919 800 2998 λόγοςε
835 2919 904 3006 lege
927 2919 1022 2993 οὐδεὶς
1046 2916 1092 2983 ἔτι
1124 2916 1158 2996 ἦν
1181 2919 1275 2999 λόγος
1300 2931 1331 2989 et
1353 2926 1480 3012 recipe·

279 3025 474 3105 κεκλειμένων
494 3044 552 3111 prc
570 3024 806 3105 secuncundum
832 3060 874 3076 -
895 3024 1037 3102 αξιόθεαε
1061 3023 1236 3090 barbarum
1254 3035 1319 3104 cst,
1344 3049 1463 3117 repone

278 3129 441 3214 ἀξιόχρεα.

324 3236 500 3324 Epistulam
521 3239 573 3303 56.
607 3256 671 3302 non
703 3234 930 3319 Θαμβοφθγος
960 3235 1090 3322 scripsit
1126 3234 1182 3301 sed
1213 3237 1463 3322 Θνμβριφαγος.

279 3341 304 3433 S
328 3346 359 3409 2.
382 3351 438 3420 τῆς
459 3342 695 3421 σῐκόας,γυμνδν
715 3341 823 3424 θύραζε
846 3343 878 3408 ἐν
900 3343 1014 3424 ἀκαρεῖ
1032 3340 1130 3424 χρόνῳ
1154 3342 1347 3421 ἐκβληθέντα
1366 3347 1464 3424 ἐμισε-

277 3457 363 3517 σεῑνε
379 3456 495 3516 sumta
517 3447 596 3515 haec
617 3455 694 3514 suut
715 3468 755 3515 ex
778 3451 997 3516 Anrsrormsrs
1019 3447 1113 3514 Pluto
1134 3469 1182 3513 vs.
1206 3451 1279 3512 144.

458 3556 576 3636 γυμνός
600 3553 703 3638 θύραζ’
725 3553 870 3632 ἐξέπεσον
894 3555 925 3620 ἐν
947 3556 1062 3634 ἀκαρεῖ
1079 3551 1210 3636 χρόνου,

277 3661 387 3748 itaque
410 3660 479 3727 dele
503 3671 559 3739 τῆς
582 3660 698 3734 cintae,
723 3661 861 3726 restitue
878 3659 1007 3741 χρόνον,
1032 3665 1064 3724 et
1086 3665 1245 3744 expuncto
1267 3660 1463 3739 εἰςθλνθόνσα

276 3764 410 3833 emenda
426 3767 590 3842 ἐκπεσεῖν,
614 3783 678 3850 quo
699 3762 783 3830 tecto
806 3763 966 3848 intelliges
989 3762 1071 3829 nihil
1094 3762 1213 3830 deesse.

321 3871 425 3956 Epist.
446 3875 499 3935 57.
530 3870 672 3953 φειδωλῷ
697 3871 740 3950 τῷ
763 3868 864 3951 μέτρῳ
887 3868 1060 3950 simeron:
1085 3869 1201 3935 melius
1227 3879 1365 3953 χρῆται,
1389 3881 1467 3945 tum¹

275 3975 417 4060 φειδωλῷ
438 3973 627 4040 mendosum
651 3992 720 4039 csse
740 3981 893 4059 apparet,
917 3974 1069 4060 quoniam
1088 3977 1101 4040 ὃ
1121 3981 1239 4058 μετρῶν
1265 3985 1369 4062 potest
1391 3985 1461 4062 φει·

276 4080 370 4154 δωλός
394 4098 483 4157 essc,
506 4081 542 4145 τό
557 4079 667 4161 μέτρον
687 4096 749 4144 nnn
774 4080 863 4146 ilem.
903 4079 1147 4147 Emenduudnm
1168 4082 1332 4165 φειδωνεθω
1348 4084 1460 4169 μέτρῳ.

278 4185 373 4251 fidem
395 4184 493 4252 iaciat
515 4182 702 4272 perelegans
725 4184 814 4251 locos
838 4185 872 4250 in
897 4186 1106 4252 Tuncruansrr
1132 4187 1287 4254 Cdnrocn.
1310 4188 1363 4254 XI.
1392 4196 1462 4273 φει-

273 4291 365 4375 δωνθςι
385 4291 485 4375 μέτρῳ
511 4291 564 4357 σόν
587 4291 730 4356 νεόνδανια
750 4291 998 4374 ἐνκεκρουσμένιρ
1022 4301 1145 4374 μετρεῖν
1169 4293 1263 4366 αὐτὸς
1292 4302 1355 4367 σοῖς
1379 4295 1460 4361 ἔνδον

274 4396 318 4463 cal
345 4397 504 4474 ἐπιτήδεια
532 4395 653 4480 σφόδρα
682 4399 834 4478 οθιοοφῶν,
858 4403 891 4463 et
914 4397 979 4463 illic
1010 4406 1042 4462 et
1065 4397 1149 4483 apud
1174 4396 1351 4467 Srmeousu
1373 4401 1458 4470 Vlll.

275 4522 306 4590 p.
328 4507 392 4569 558
417 4511 448 4569 et
471 4503 630 4569 Poccuccu
649 4502 686 4568 ll.
715 4507 787 4569 179.
819 4501 1020 4569 restituenda
1054 4510 1103 4568 est
1133 4500 1235 4568 torma
1262 4506 1456 4587 φειδόνειος,

275 4628 357 4694 quae
383 4608 448 4676 solu
484 4609 600 4674 Gracco
621 4617 669 4674 est
701 4629 758 4694 pro
780 4609 945 4693 φειδόνιος.
971 4646 1013 4660 -
1036 4609 1067 4673 ἐν
1088 4616 1159 4682 ταῖς
1183 4610 1374 4690 ἑορσαςιιιαῖς
1398 4621 1457 4678 τῶν
