3309 5750
732 715 735 719 q
825 628 890 690 265

264 822 342 890 cod.
362 831 402 887 A.
421 821 550 888 Ιπιοῦσαι
573 819 711 899 obtulit,
736 821 850 886 melius
869 821 967 887 etiam
988 822 1024 888 F.
1050 826 1139 899 παῦ’,
1154 819 1176 887 ὦ
1197 823 1347 894 τόλαινα.
1397 829 1436 894 ln

266 934 325 1008 43,
357 932 410 995 33.
442 927 598 993 edebatur
628 927 747 1007 παύου,
791 923 814 991 ὦ
854 928 1037 1007 Ἑρμαγόρα
1070 928 1222 1005 βίλτιτε,
1258 933 1435 1016 ίαμβίζιιν,

261 1035 383 1124 optimc
410 1051 453 1099 Ac
483 1040 567 1098 παῦε
597 1044 773 1102 servarunt.
827 1033 874 1098 Ex
902 1031 1015 1098 iisdem
1050 1033 1129 1098 locis
1158 1035 1359 1104 senciendum
1387 1052 1435 1106 est

260 1138 349 1228 quod
369 1142 425 1216 39,
448 1141 478 1202 2.
497 1137 613 1228 legitur
631 1140 750 1211 παύου,
784 1135 805 1204 ὦ
827 1147 960 1215 Λυκῖνε,
987 1138 1128 1218 τεροίςιόν
1153 1164 1183 1204 τι
1212 1139 1331 1213 κοίλλος
1355 1146 1434 1209 οὶνα-

258 1247 424 1324 πλοίττοιν,
447 1245 494 1311 nil
515 1246 626 1311 iurant
644 1244 793 1323 Codices,
816 1256 850 1309 at
870 1244 920 1309 rel
939 1244 1046 1309 inritis
1066 1250 1150 1311 παῦε
1171 1245 1323 1312 Lucrauo
1341 1249 1433 1313 resti·
1457 1273 1461 1280 ’

257 1350 423 1417 tuendum.
458 1351 566 1417 Semel
586 1351 665 1417 mihi
682 1353 784 1417 παύου
803 1349 889 1441 apud
908 1350 1103 1441 antiquiores
1122 1350 1243 1419 lectum
1262 1364 1325 1431 est,
1345 1356 1430 1445 apud

259 1457 438 1523 Ecurrrurr
462 1457 587 1524 Aruns.
611 1457 697 1525 vlll.
722 1481 755 1547 p.
777 1462 841 1523 347
866 1476 898 1523 n.
1291 1451 1295 1457 ’

389 1565 515 1646 ψυχρόν
538 1565 634 1629 τουτί.
660 1571 678 1652 Η
702 1565 802 1630 παύου
825 1569 954 1646 φυσῶν,
975 1565 1133 1628 ’Μακεδὼν
1156 1563 1274 1646 οἳρχοιν.

257 1668 311 1731 cui
331 1666 523 1744 reddiderim
544 1672 620 1734 παῦ’
638 1667 686 1735 ούν
704 1675 823 1752 φυσῦνι
849 1691 937 1734 error
956 1690 974 1734 c
994 1669 1149 1757 scriptura
1170 1658 1323 1736 HATO‘T‘
1341 1683 1432 1736 nutus

256 1772 391 1839 ridetur.
447 1774 612 1865 Nusquam
644 1774 723 1839 alibi
752 1774 838 1865 apud
870 1775 1000 1840 Veteres
1031 1774 1094 1864 legi
1122 1777 1239 1850 παύου,
1275 1801 1340 1868 qno
1370 1778 1430 1844 soli

256 1877 406 1946 Graeculi
444 1882 606 1969 aequiores
638 1880 825 1948 abutuntur.
881 1880 920 1946 In
960 1882 1025 1972 line
1055 1880 1111 1946 alii
1149 1882 1339 1963 βεβρόκεις,
1375 1885 1431 1950 alii

253 1984 421 2059 ἐδηδόκεις,
448 1984 510 2050 boe
529 1987 688 2052 veteribus
709 1987 894 2078 praeplacet
914 2000 947 2053 et
966 1986 1197 2065 revocandum,
1221 1987 1303 2053 illud
1324 1989 1428 2056 solum

215 2087 405 2154 ¹·Grneculi
425 2103 599 2158 servarunt.
634 2095 652 2178 §
678 2096 725 2158 14.
751 2094 808 2158 ὑπὸ
834 2092 941 2171 μύλην
963 2091 1061 2173 ἔχων,
1088 2114 1201 2158 rerocu
1222 2094 1280 2159 ὑπὸ
1302 2093 1429 2173 μύλης,

246 2193 343 2282 qnod
363 2195 466 2261 solum
487 2197 642 2264 Graccum
659 2210 726 2277 est,
750 2198 791 2263 ci.
810 2201 892 2285 §29.
917 2197 961 2264 sic
980 2219 1073 2287 saepe
1090 2198 1148 2263 ύπό
1166 2196 1281 2262 κόλπον
1304 2199 1430 2289 irrepsit

252 2322 311 2391 pro
334 2301 392 2365 ὑπὸ
416 2300 543 2367 κόλπου.
594 2303 687 2368 Peius
707 2295 804 2367 etiarn
824 2302 859 2366 in
879 2302 1053 2367 Pocranno
1073 2292 1211 2365 erratum
1235 2301 1272 2366 V.
1286 2306 1338 2369 19.
1363 2315 1427 2378 τοῖς

252 2404 467 2490 ἐγχειριδίοις,
489 2403 511 2470 o
534 2406 762 2494 [κεκρυμμένα]
790 2407 929 2489 ἐκόμιζον
956 2408 1013 2471 ὑπό
1038 2405 1165 2480 μύλης,
1192 2406 1247 2470 ubi
1267 2409 1427 2476 emblema

249 2532 408 2600 expungo.
443 2513 460 2596 §
481 2514 534 2582 18.
558 2513 610 2576 τόν
624 2514 718 2593 μηρόν
734 2511 917 2588 ἐπιδείξαιο,
943 2510 1156 2577 necessarium
1176 2522 1222 2575 cst
1242 2514 1423 2591 ἐπιδείξαις.

252 2622 270 2705 §
289 2618 343 2680 21.
366 2616 400 2690 ἥν
423 2640 458 2682 τε
479 2618 644 2699 εἰσφέρειν
661 2617 712 2699 δέη
728 2652 774 2669 -
788 2617 822 2692 ἦν
845 2642 882 2682 τε
900 2617 1072 2694 ἐπεξιέναι,
1095 2615 1173 2681 trita
1193 2627 1268 2682 aunt
1286 2617 1320 2681 in
1338 2619 1426 2686 bello

249 2721 364 2798 ἐξιέναι
382 2731 414 2785 ct
429 2720 545 2798 ἔξοδος,
565 2722 599 2796 ίίν
616 2746 663 2794 τις
679 2721 778 2799 ἔξοδος
794 2722 937 2799 γένηται.
957 2721 1068 2811 ¹d‘pud·
1081 2721 1292 2787 Hunono'wtt
1309 2722 1359 2789 Vl.
1373 2729 1426 2792 56.

250 2825 361 2892 vitiose
378 2825 484 2892 editur
505 2828 535 2892 ἐν
553 2838 623 2911 τῇσι
648 2826 776 2911 εἰξοδίησι
798 2850 858 2918 pro
878 2837 949 2911 τῇσι
967 2828 1109 2906 ἐξόδοισιν
1135 2828 1312 2917 composito
1332 2830 1424 2908 ἐπεξ-

249 2933 414 3019 alvernos
435 2944 481 2999 est
503 2933 536 2998 iu
552 2933 608 2998 tali
628 2956 662 2999 re
680 2933 781 3001 locus.
817 2938 836 3019 §
857 2938 910 3000 24.
936 2933 1040 3009 πόντη
1061 2955 1142 3000 corr.
1163 2936 1246 3000 ποίνυ
1262 2959 1304 3001 τι.
1336 2937 1425 3020 525.

249 3040 479 3118 Συρακουσίους
502 3040 556 3105 sic
576 3038 857 3130 Constantinopoli
885 3039 1104 3130 loquebantur
1129 3051 1161 3106 et
1183 3052 1301 3106 veteres
1324 3040 1423 3107 libros

247 3145 506 3235 corrumpebant.
530 3146 661 3236 Ubique
678 3145 866 3227 Συρακόσιος
882 3143 1127 3211 restituendum.
1158 3147 1177 3229 §
1194 3148 1248 3212 31.
1263 3145 1314 3211 ἐπὶ
1329 3151 1420 3228 φρον-

245 3249 334 3315 τίδων
351 3271 440 3314 corr.
465 3251 522 3315 ὑπό
535 3252 724 3331 φροντίδων.

293 3353 329 3418 ln
351 3354 605 3444 Icaromenippo
628 3357 684 3431 46,
706 3358 738 3419 3.
763 3379 821 3420 που
841 3358 1047 3433 καταπεσών,
1073 3355 1175 3421 scribe
1191 3380 1254 3421 τοι.
1279 3362 1298 3442 §
1318 3359 1347 3421 6.
1367 3357 1419 3419 τὸν

245 3460 368 3541 οὐρανὸν
389 3460 475 3533 δῦόεν
499 3461 592 3524 αὑτὸν
609 3462 859 3545 ἐπιμετροῦντες.
903 3459 977 3524 Non
994 3471 1040 3526 est
1058 3461 1104 3526 rei
1120 3460 1312 3526 conueniens
1328 3482 1419 3524 corn·

245 3564 385 3656 positum
402 3565 599 3645 ἐπιμετρεῖν,
624 3566 787 3631 admetiri
798 3584 810 3639 ,·
835 3567 1084 3644 ἀναμετροῦντες
1106 3565 1257 3630 convenit
1278 3576 1334 3629 aut
1353 3567 1419 3630 δια-

244 3675 445 3751 μετροῦντες,
471 3681 525 3741 eut
544 3671 677 3761 simplex
696 3675 892 3751 μετροῦντες.
918 3676 937 3758 §
954 3677 984 3737 8.
1004 3669 1101 3746 όπόση
1116 3678 1176 3736 τῶν
1193 3671 1295 3749 λόγοιν
1315 3684 1419 3736 treus-

242 3774 327 3868 pone
356 3782 416 3841 τόν
440 3775 673 3854 λόγων-όπόση.
693 3777 728 3861 §
748 3779 802 3840 21.
826 3776 911 3840 πόσα
938 3776 999 3852 ἐγὼ
1022 3777 1237 3854 συνεπίταμοιι
1264 3778 1371 3848 αὐτοῖς
1396 3776 1418 3842 οἵ

242 3883 434 3963 πρόττουσι,
470 3881 542 3948 dele
569 3882 607 3962 όί,
635 3892 710 3948 nam
738 3880 911 3963 τροίττουσι
939 3881 1146 3972 perticipium
1167 3895 1224 3948 cst.
1266 3885 1291 3967 §
1306 3886 1358 3948 24.
1381 3886 1417 3949 τὸ

242 3985 420 4062 Ὀλύμπιον
442 4008 523 4054 corr.
536 3988 757 4067 Ὀλυμπίειον,
781 3998 816 4051 ut
839 3999 925 4053 recte
946 3990 964 4073 §
989 3989 1030 4051 16
1052 3987 1275 4063 Ἀσκληπιείου
1296 3989 1419 4079 reposi-

242 4104 313 4156 tum
332 4101 380 4155 cst
400 4114 459 4182 pro
479 4094 692 4167 Ἀσκληπιοῦ,
724 4092 822 4182 paulo
847 4106 920 4184 post
938 4092 1071 4159 emenda
1091 4093 1280 4172 πανηγύρεις
1303 4093 1417 4173 όιγουσι

240 4220 299 4288 pro
317 4195 487 4275 οὶνοίγουσι.
521 4199 539 4281 §
561 4200 614 4260 34.
636 4196 743 4260 ταῦτα
763 4222 814 4275 μοι
829 4198 920 4265 ’δοκεῖ
935 4199 1058 4287 corrige
1076 4196 1153 4263 τοίδε
1176 4221 1226 4274 μοι
1251 4199 1344 4263 δοκεῖ.

260 4300 275 4353 f-
288 4300 396 4381 Indis
415 4311 576 4382 coenante
597 4304 650 4379 47,
671 4307 701 4368 6.
722 4324 781 4391 pro
802 4306 977 4370 καταπτοῖο
999 4302 1101 4369 scribe
1119 4301 1313 4376 κατόπτοιο,
1335 4316 1366 4370 et
1384 4305 1415 4369 in

241 4411 486 4477 bulsnot’unnls
511 4411 713 4499 Lysa'strata
732 4413 809 4475 774.
830 4408 1035 4473 οίνοίπτοινται
1056 4430 1115 4498 pro
1135 4410 1357 4483 ἀναπτῶνται,
1383 4422 1414 4477 et

239 4517 273 4582 iu
303 4516 487 4581 Hnnonoto
510 4515 562 4583 lV.
585 4519 659 4582 132.
689 4515 872 4591 οίνοίπτησόε
890 4536 949 4604 pro
968 4514 1169 4586 οὶναπτῦσόε,
1195 4522 1227 4576 et
1249 4511 1283 4576 in
1304 4513 1416 4578 Xeno-

230 4620 381 4688 ?Pnonrls
400 4622 581 4689 Memorad.
601 4622 659 4689 ΙΙΙ.
674 4640 720 4687 x1.
734 4627 764 4687 5.
788 4621 843 4686 ἐόιν
859 4618 1156 4701 μυῖαπρόσπτηται
1177 4640 1235 4709 pro
1254 4625 1414 4696 προσπτῆ-

231 4743 311 4793 ται.
341 4727 439 4795 Recte
459 4727 675 4808 κατόπτιιμαι
703 4728 830 4818 legitur,
843 4725 876 4791 in
897 4724 1153 4815 Icaromcmppo
1171 4727 1236 4796 46,
1258 4726 1310 4789 13.
1346 4724 1363 4806 §
1383 4727 1414 4788 9.

1179 4840 1210 4879 20
