3309 5750
813 640 876 702 126

252 808 836 892 λοειθω68,.16.οορ1κτίθνκκεν
859 811 896 876 iu
926 809 1076 878 omnium
1107 809 1215 882 libris·
1231 810 1443 899 depravatum

250 923 298 981 est
315 987 320 995 ⁸
335 916 367 980 in
399 915 518 997 δορικδν
549 915 636 995 ἧκεν,
671 915 757 1003 quod
792 914 931 982 feliciter
964 914 1440 992 sanavit.c.1‹'.flnunmo.

250 1027 460 1088 lcoNHKeN
485 1022 606 1110 triplici
628 1024 708 1088 vitio
737 1028 850 1087 natum
873 1042 891 1088 c
918 1029 1144 1089 TeoNHKeN
1167 1030 1368 1097 etunumc
1390 1047 1444 1114 pe-
1475 1046 1481 1055 ·

250 1125 306 1192 riit
330 1133 368 1193 ut
388 1128 424 1200 in,
441 1127 556 1194 limum
579 1126 761 1213 fragmento
784 1125 869 1213 apud
884 1126 1004 1192 Arum.
1025 1127 1081 1194 lll.
1106 1148 1137 1214 p.
1153 1132 1228 1195 108‘.
1249 1129 1285 1196 B.

344 1307 349 1312 ,
524 1235 600 1313 ὁμοῦ
623 1234 656 1299 δὲ
677 1234 778 1308 τευθίς
799 1234 856 1300 καί
881 1232 1016 1316 Φαεννίς
1040 1232 1169 1314 »ledon
1214 1299 1216 1303 ,
1296 1299 1299 1304 .

249 1354 307 1422 pro
331 1341 488 1423 Φαλνρικλ
509 1338 601 1420 κθρκ,
630 1357 728 1424 quam
752 1339 959 1405 Dourennuus
982 1338 1154 1405 revocavit.
1186 1336 1233 1405 Gi.
1257 1339 1373 1411 Arum.
1387 1339 1441 1411 lv.

250 1464 281 1530 p.
294 1449 368 1511 156.
384 1465 412 1510 a.
437 1443 506 1509 Vll.
530 1464 560 1531 p.
574 1447 652 1509 285.
699 1443 736 1522 ln
756 1444 934 1510 l'ccrcumrs
949 1442 1151 1528 ,fragmento'z

340 1552 417 1614 ἀλλ’
440 1546 461 1613 ὦ
482 1547 607 1615 ποίνταν
629 1550 712 1619 deno
734 1551 828 1631 λῷτοι
852 1558 954 1626 σεῖσαι
975 1548 1326 1631 καίπνοτκολίτατθαι

250 1652 306 1738 qui
347 1652 499 1718 Codicum
535 1654 714 1740 scripturas
744 1662 854 1732 amant
885 1674 944 1741 pro
973 1655 1055 1725 οὶςῶι
1086 1653 1215 1719 Pousoru
1253 1656 1439 1725 retinebuut

246 1758 279 1823 δὲ
303 1752 384 1833 τῶν,
403 1758 493 1843 -quod
513 1766 567 1839 est*
580 1777 629 1845 ap.
652 1758 791 1826 Puurruu
809 1781 839 1826 v.
863 1768 977 1828 σεῖσαι.
1024 1756 1341 1846 Omninopermulln
1362 1770 1440 1831 sunt

245 1864 364 1950 passim
386 1864 420 1929 in
436 1863 560 1929 Lucrum
581 1865 713 1951 scriptis
729 1864 850 1948 iudicia
863 1865 1047 1932 litterarum
1071 1864 1248 1937 uncianum
1259 1943 1261 1948 ¹
1273 1867 1439 1955 perinepte

246 1970 455 2035 consuetarum
469 1969 600 2047 ,luoluti
614 1974 681 2050 594
698 1974 806 2049 64.κού
827 1969 973 2051 μα’λοιπα
996 1989 1055 2058 pro
1066 1968 1269 2049 θνμοίλκπα,
1289 1977 1354 2048 58,
1383 1977 1437 2043 19.

246 2071 411 2161 decoloro
432 2077 627 2154 ecrousen,
650 2081 682 2143 8.
706 2077 741 2144 τὸ
772 2077 935 2160 βλέφαρον
964 2096 1024 2163 pro
1049 2075 1259 2158 ἰοβλέφαρον,
1292 2082 1358 2158 66,
1383 2082 1436 2145 54.

246 2179 398 2258 κατέλεξε
423 2202 480 2268 pro
503 2181 658 2259 κατέαξε,
682 2185 740 2259 67,
765 2188 804 2259 6,
832 2188 860 2248 1.
884 2182 988 2261 θτεβῆ
1012 2200 1070 2267 pro
1092 2182 1258 2260 Λεσβίαν,
1282 2186 1324 2250 67
1337 2232 1347 2261 ,
1373 2187 1414 2250 14
1427 2232 1437 2263 ,

247 2290 279 2351 d.
303 2285 423 2365 ἔγημεν
449 2305 507 2373 pro
525 2285 581 2362 ἔτη
602 2286 682 2366 μέν,
707 2292 769 2365 19,
796 2291 827 2353 6.
846 2284 901 2354 ὦδέ
922 2288 988 2352 ποθ’
1005 2305 1064 2372 pro
1087 2282 1109 2351 ὦ
1134 2286 1267 2365 δέσποθ’,
1300 2285 1377 2355 ibid.
1409 2290 1435 2355 εί

245 2392 283 2459 κδ
305 2397 412 2475 φιλεῖν
432 2410 490 2478 pro
511 2388 569 2457 εἶτ’
591 2391 753 2475 ὀφείλειν,
776 2399 808 2457 et
826 2390 947 2457 similia
965 2388 1068 2457 multa
1080 2440 1089 2467 ‚
1101 2409 1184 2475 quae
1202 2390 1328 2460 utiliter
1349 2393 1436 2461 iure·

245 2515 304 2563 nes
325 2496 494 2563 »notabunt
517 2504 549 2563 et
572 2495 740 2580 colligent,
768 2496 801 2561 in
824 2495 935 2562 eodem
962 2493 1072 2561 morbo
1101 2513 1253 2579 praeseus
1278 2496 1436 2566 auxilium

243 2602 392 2669 allatura.
440 2601 481 2668 [θ’
501 2612 534 2669 ct
556 2612 584 2667 K
612 2602 731 2666 iterum
763 2600 896 2667 couiusa
925 2599 1055 2666 luerunt
1085 2603 1146 2676 75,
1171 2603 1202 2666 4.
1233 2600 1289 2666 ubi
1318 2610 1436 2679 σιοτιῑσ

240 2715 405 2791 etonem
423 2708 463 2775 de
485 2707 557 2775 loco
573 2711 710 2773 certant.
759 2705 859 2793 Saepe
884 2707 917 2771 in
937 2703 988 2771 his
1009 2711 1067 2775 aut
1091 2715 1106 2771 1
1128 2706 1212 2792 perit
1231 2714 1288 2772 aut
1311 2717 1354 2777 c:
1377 2706 1436 2801 qui

242 2822 332 2881 recto
349 2823 527 2891 Κτησικλῆς
547 2811 728 2901 appellatur
749 2831 768 2878 a
786 2812 922 2879 llrooouo
953 2809 1083 2889 Smuco,
1107 2831 1181 2879 eum
1214 2831 1300 2881 nunc
1333 2810 1434 2881 quo·

243 2938 324 2984 rnen
342 2916 477 2986 Hellen.
511 2919 565 2985 Vl.
590 2940 630 2995 n,
659 2923 708 2984 10.
739 2918 920 2994 Στκσικλθα
954 2916 1083 2984 videtur
1114 2917 1242 2985 dicere:
1274 2918 1432 2998 πέμποντι

242 3018 435 3100 Σπκτικλέα.
483 3023 585 3090 Viden
604 3042 704 3088 unum
725 3049 736 3089 ι
764 3024 890 3091 incuria
911 3022 1094 3110 neglectum
1115 3031 1148 3090 et
1171 3024 1364 3101 Ιῦτκτικλία
1384 3045 1434 3094 ro·

241 3124 475 3196 accidendum?
513 3128 618 3195 Simili
647 3148 755 3194 errore
779 3149 1022 3216 nonnumquam
1045 3130 1287 3206 occaedendo
1320 3131 1433 3200 soridi-

241 3235 641 3316 ίντνίνίκατακτήσασθαὶ
667 3253 778 3300 rerum
804 3240 837 3301 et
859 3235 1079 3300 necessarium
1101 3241 1163 3302 est.
1193 3234 1247 3301 Sic
1270 3236 1433 3304 Hruouoro

242 3340 327 3407 vill.
354 3346 427 3407 106.
460 3338 491 3415 ὃς
512 3343 569 3417 τίνι
589 3339 659 3420 ζοίιν
685 3342 885 3417 κατετείνατο
908 3339 967 3403 ἄπ’
991 3337 1087 3419 ἔργων
1122 3339 1337 3408 ἀνοσιωτάτων
1360 3341 1432 3411 red·

240 3445 379 3512 didcrlrn
406 3448 640 3523 κατεκτήσατο.
695 3444 910 3511 lnlsocuurrs
933 3442 1128 3530 Pooeqyrico
1163 3441 1187 3531 S
1216 3448 1289 3534 182.
1313 3447 1348 3515 ἐκ
1371 3453 1431 3515 τῶν
1532 3515 1538 3540 ⁸

242 3553 414 3634 ἀλλοτρίαν
433 3548 597 3631 μενοίλοιιςΙ
615 3548 768 3623 πλούτους
781 3549 1022 3624 καταςνίτασθαι
1046 3547 1133 3614 solus
1149 3547 1305 3624 Urbinas,
1328 3557 1364 3617 ut
1383 3570 1432 3619 so-

241 3656 305 3734 let,
330 3658 468 3723 oratoris
490 3676 623 3721 manum
659 3661 766 3721 servat
795 3654 1067 3730 κατακτήσασθαι.
1116 3652 1185 3719 Non
1217 3660 1344 3722 constal
1372 3653 1434 3725 sibi

240 3763 383 3849 optimus
403 3760 485 3837 liber
503 3760 539 3850 S.
555 3765 609 3827 on.
630 3762 655 3827 oi
679 3759 819 3842 τρίγονοι
835 3759 990 3834 τοσαθτκν
1008 3758 1206 3838 εὐδαιμονίαν
1217 3760 1432 3835 κατετνίσαντο

241 3864 397 3933 exhibens
420 3884 495 3942 cum
519 3867 676 3945 caeteris,
696 3864 752 3931 uhi
773 3884 892 3953 repone
914 3866 1160 3940 κατεκτήσαντο.
1198 3863 1316 3931 Contra
1344 3871 1433 3933 recto

240 3970 327 4059 apud
344 3971 614 4038 Hunrncnunormn
632 3991 662 4038 v.
688 3972 842 4051 μετοίκιον
865 3990 923 4057 pro
940 3972 995 4046 τὴν
1013 3969 1127 4046 οίκκσιν
1139 3967 1245 4038 αθτθθι
1269 3993 1431 4047 κατακτν·

239 4076 375 4157 σοίμενος
395 4077 578 4142 lirroourros
599 4075 638 4142 de
661 4075 783 4142 Slurru
807 4076 995 4142 coniectura
1015 4074 1284 4154 καταςκσοθμενος,
1297 4077 1430 4162 recepit

243 4180 563 4262 &Quemadmodum
584 4183 618 4246 in
636 4181 687 4247 his
708 4190 863 4268 perpetuo
882 4180 1006 4247 scribae
1026 4179 1268 4247 hallucinantur
1290 4181 1337 4252 sin
1358 4180 1431 4253 sub-

239 4286 315 4352 inde
333 4285 421 4363 δείξω
442 4286 586 4366 οίδθξοι,
609 4285 698 4363 ἔδοξα
714 4293 746 4352 et
765 4285 888 4363 ἔδειξα,
912 4286 1068 4366 δεδεῖχθαι
1089 4293 1123 4352 et
1146 4284 1289 4367 δεδόχθαι
1311 4305 1432 4374 susque

238 4389 342 4478 deque
371 4391 564 4458 habrrerunt.
612 4389 742 4457 Videbis
774 4393 806 4458 in
833 4392 986 4456 lsocnurrs
1016 4388 1211 4476 Pooeyyrioo
1246 4389 1348 4479 §ild
1384 4391 1430 4461 δθ·

238 4492 302 4573 ξειν
320 4502 356 4562 et
378 4495 486 4574 δείξειν
506 4497 677 4583 permixta.
724 4496 761 4562 ln
787 4497 881 4563 Lrsn
903 4498 967 4573 12,
990 4498 1043 4560 65.
1067 4497 1106 4569 cic
1129 4493 1302 4578 θμφθτεροι
1324 4495 1431 4572 ἔδοξαν

228 4618 492 4679 nonsummum
516 4610 586 4683 est,
610 4608 667 4668 aut
690 4601 808 4677 ἔδειξαν
834 4621 945 4669 rerum
965 4605 1037 4677 cst,
1058 4606 1117 4665 aut
1140 4599 1320 4678 ἐδείξαμεν,
1344 4599 1431 4685 quod

238 4705 371 4773 Gcccrot
394 4709 542 4774 coniecit.
589 4706 681 4794 Apud
725 4706 880 4774 Lurcrmuu
900 4710 965 4784 td,
989 4708 1020 4769 l.
1045 4705 1228 4773 contrarius
1249 4724 1342 4772 error
1361 4712 1429 4775 est:
