3309 5750
736 621 799 684 397

177 833 301 888 tanturn
330 817 364 881 in
391 811 456 886 ἰσος
487 813 565 905 quid
593 812 804 903 designaverit
824 834 989 904 cognosce.
1036 813 1295 881 Promiscneiooc
1315 829 1348 882 et

175 924 231 994 ἰσα
259 924 370 990 scribit
392 921 545 989 Pieriae.
565 924 627 987 751
653 931 684 985 et
705 923 785 999 943,
814 919 882 996 ἰσνν
903 918 1063 1010 spondeus
1084 933 1132 985 cst
1151 945 1193 987 rs.
1213 926 1289 989 259.
1315 934 1347 989 et

174 1034 246 1103 ἰσας
268 1054 311 1097 rs.
332 1032 396 1093 226
415 1039 447 1092 et
468 1031 544 1094 227.
586 1025 738 1104 Produrit
756 1024 820 1098 ἰσος
842 1026 875 1090 in
895 1028 1013 1105 ἰσαίος,
1032 1027 1120 1116 quod
1139 1028 1169 1093 ei
1188 1029 1346 1117 significat

177 1134 294 1216 όμοιος,
319 1135 434 1207 ἰαενιος,
464 1132 639 1212 ἐναλίγκιος
663 1134 766 1223 prima
790 1132 884 1222 longa
905 1155 947 1198 rs.
970 1135 1045 1197 360.
1094 1133 1348 1201 Deinde'forma

173 1243 276 1323 ἰσόρνς
310 1241 410 1305 utitur
436 1262 454 1303 a
479 1238 616 1329 Tragicis
637 1250 756 1317 sumta,
780 1235 878 1302 modo
895 1235 1053 1327 producta
1072 1238 1176 1328 prima
1197 1264 1237 1307 rs.
1258 1243 1344 1331 643,

172 1345 268 1412 modo
289 1358 436 1436 correpta
458 1356 498 1411 rs.
518 1349 594 1413 788.
644 1345 726 1410 Tum
744 1344 894 1426 ἰσόζομαι
913 1366 952 1408 er
972 1342 1144 1410 Homerico
1165 1345 1261 1429 ἰσοίζα
1284 1346 1346 1412 eli·

174 1453 257 1529 cuit,
289 1451 345 1516 sed
367 1462 403 1514 ut
422 1450 578 1539 significet
599 1447 701 1528 ἔοικα,
729 1449 869 1531 ἐμφερής
890 1450 974 1526 εἰμι,
1006 1461 1038 1515 et
1058 1451 1195 1540 primam
1216 1451 1345 1518 brevem
1406 1535 1411 1543 ¹

161 1556 250 1650 'lacit
272 1580 313 1624 vs.
335 1560 400 1623 286
422 1568 454 1621 et
473 1558 548 1623 886.
594 1553 740 1646 Denique
769 1564 949 1618 monstrum
976 1567 1009 1619 et
1037 1568 1223 1645 portentum
1252 1557 1342 1624 rerbi

174 1663 214 1728 de
236 1685 293 1728 suo
312 1673 511 1727 commentus
530 1671 578 1725 est
601 1661 742 1739 ἰσαίομαι
761 1682 820 1750 pro
840 1656 941 1737 όμοιός
965 1661 1045 1738 εἰμι,
1081 1661 1171 1726 nullo
1197 1664 1344 1753 exemplo

172 1779 203 1833 et
233 1779 342 1834 contra
372 1790 500 1832 omnem
530 1765 709 1855 analogiam
736 1763 996 1854 6ο411111,ρ1411111
1023 1766 1101 1831 item
1122 1782 1284 1861 correpta,
1308 1769 1342 1833 in

174 1874 406 1965 Alexa'pharm.
432 1896 475 1939 rs.
501 1876 576 1940 399.

350 1981 405 2053 uiro
429 1979 493 2054 ἤτοι
517 1979 643 2061 νενόμῷ
667 1979 725 2057 μὲν
747 1978 925 2057 ἰσαιομένιρν
947 1976 1029 2057 μόόε
1053 1978 1167 2062 νόρδορ,

172 2082 344 2149 bellissime
373 2083 495 2147 dictum
524 2093 571 2148 est
596 2106 656 2173 pro
683 2092 787 2173 gacstu
806 2083 948 2148 similem
972 2081 1093 2169 (γεόσει
1119 2083 1243 2174 ὁμοίαν)
1269 2107 1344 2163 ysc-

173 2188 237 2267 όμῷ
269 2188 464 2266 ἰσαιομὲνιρν,
498 2199 530 2253 et
560 2188 593 2252 in
623 2189 735 2278 fragm.
754 2187 804 2253 44.
832 2191 884 2253 56.
912 2210 972 2278 pro
998 2188 1149 2269 παιδέρως
1177 2200 1217 2272 τῇ
1246 2190 1343 2272 λεόκρ

172 2293 312 2373 ἐμφερής
335 2291 502 2382 magnifice
525 2292 611 2358 canit
638 2293 748 2363 παιδὸς
777 2291 885 2373 ἔρωτες
909 2299 926 2378 ΙΙ
944 2291 1042 2373 tarius
1060 2292 1249 2379 ἰσαιόμενοι,
1278 2295 1342 2359 hoc

171 2407 218 2460 est
247 2394 378 2462 demum
407 2421 440 2462 os
468 2420 581 2486 magna
606 2417 720 2463 sonans
745 2396 860 2460 mentis
881 2393 1059 2459 divinioris!
1106 2393 1146 2459 In
1166 2396 1278 2487 fragm.
1302 2398 1341 2465 ll.

173 2524 214 2567 rs.
228 2507 280 2569 33.
297 2503 407 2568 lonioc
422 2503 547 2594 scripsit
561 2504 765 2583 interocrina
779 2500 938 2582 χελιδόσιν
950 2511 982 2564 et
993 2481 1131 2581 ἰσόμορον
1142 2501 1176 2567 in
1187 2502 1340 2571 Thence.

171 2632 213 2673 vs.
235 2612 315 2688 105,
345 2607 400 2675 sed
428 2608 533 2674 Attice
556 2608 642 2672 inre
661 2604 773 2672 eadem
793 2604 943 2686 ἰσόμοιρον
965 2604 1070 2669 tratas
1094 2603 1172 2673 ibid.
1197 2630 1240 2674 rs.
1263 2613 1340 2677 592.

169 2711 290 2778 Iterum
309 2712 419 2781 ionice
439 2715 587 2792 ἰσόννμον
606 2736 649 2778 rs.
671 2715 736 2777 678
756 2722 789 2777 et
808 2710 962 2791 ἰσορρενσός
984 2732 1025 2775 rs.
1046 2711 1122 2777 646.
1143 2724 1175 2777 et
1194 2713 1342 2782 Homeri-

168 2840 241 2885 cum
262 2820 451 2903 ἰσοφαρίζειν
471 2842 514 2886 rs.
534 2822 610 2886 572.
659 2817 805 2909 Denique
822 2837 923 2906 quum
946 2816 1043 2882 vellet
1064 2815 1170 2884 dicere
1192 2820 1338 2888 eiusdem

162 2925 324 3014 ponderis
352 2923 391 2989 de
418 2946 475 2990 suo
502 2935 702 2990 commentus
722 2936 770 2988 est
797 2923 940 2997 ἰσοενικός
962 2944 1003 3018 νο.
1026 2926 1079 2988 41.
1100 2923 1250 3008 καρδόμιρ
1271 2927 1336 3007 οἰμ·

167 3031 264 3109 μίξας
289 3029 425 3096 ἰσοελκέί
444 3045 476 3095 et
500 3054 538 3097 vs.
562 3035 614 3098 44.

337 3147 456 3216 οἰνινιοτε
480 3151 506 3216 δ’
528 3149 709 3233 arestarco
732 3151 832 3235 φόρον
849 3148 1002 3228 Ιἰσοενιιοόα
1025 3156 1156 3231 μοῖραν,

162 3272 196 3335 in
227 3292 307 3359 quo,
340 3282 376 3334 ut
405 3271 508 3351 rides,
538 3272 728 3363 popularem
752 3295 846 3339 usum
865 3282 992 3336 secutus
1012 3271 1150 3361 primam
1171 3270 1335 3360 corripuit.

163 3375 325 3455 uramus,
350 3376 406 3465 qui
432 3388 464 3441 et
487 3377 555 3466 ipse
571 3389 665 3467 putat
684 3401 717 3444 se
738 3377 848 3444 lonico
869 3375 1027 3461 scribere,
1050 3399 1151 3466 quum
1171 3376 1204 3441 in
1224 3374 1335 3441 fabula

169 3485 225 3560 14,
252 3471 301 3547 ll.
326 3494 412 3547 recte
436 3482 635 3573 scripsisset:
904 3476 906 3485 ¹

390 3603 403 3668 ό
428 3605 454 3670 δ’
478 3602 576 3677 eitam
599 3605 637 3678 ός
661 3604 788 3676 Βοιωτός
812 3606 866 3669 οὐκ
889 3600 970 3683 ἔχων
997 3600 1064 3677 ἰσνν

388 3707 494 3788 λόγοις
519 3706 663 3788 οἰμινιλαν
688 3704 774 3775 εἷσεν
796 3708 892 3791 οἰγρίρ
914 3705 1025 3788 μοόσρ.

166 3824 270 3891 Attice
294 3829 419 3919 scripsit
443 3834 502 3909 34,
527 3833 557 3896 2.

389 3952 525 4012 τεκοῦσα
548 3949 574 4013 δ’
598 3950 705 4020 αὐτοῖς
729 3946 792 4017 ε’ςίν
815 3948 869 4014 οὐκ
893 3944 943 4022 ion
967 3946 1087 4026 μήσνρ,

163 4066 195 4144 et
222 4080 363 4145 excusari
389 4091 510 4170 potest,
540 4085 619 4172 quia
645 4105 719 4149 eum
748 4082 934 4173 aequalibus
965 4082 1111 4146 omnibus
1135 4081 1278 4171 peccarit
1300 4095 1332 4148 et

165 4185 224 4250 sibi
254 4185 339 4252 idem
372 4186 460 4276 q'uod
483 4189 629 4254 omnibus
649 4189 786 4255 credidit
810 4189 922 4265 licere,
946 4199 978 4252 at
997 4200 1083 4252 recte
1103 4199 1135 4252 et
1157 4187 1268 4253 ordine
1287 4190 1332 4253 sic

165 4292 324 4381 scripsisse
347 4292 447 4359 rideri
469 4303 502 4358 et
526 4293 603 4358 vitio
627 4315 738 4360 racare
761 4317 826 4360 non
850 4305 964 4384 potest.

212 4396 313 4480 Quam
347 4399 460 4466 vellem
490 4397 569 4464 haec
596 4398 766 4464 scribendo
797 4396 945 4464 omnibus
974 4397 1164 4488 persuadere
1191 4420 1316 4488 possem

166 4502 283 4592 quibus
302 4516 410 4570 nostra
428 4506 576 4572 iuventus
595 4504 770 4570 erudienda
791 4517 822 4569 et
844 4515 988 4570 veterum
1008 4503 1203 4570 Litterarum
1223 4502 1335 4569 studiis

162 4608 366 4674 informanda
393 4612 624 4691 committitur,
653 4623 688 4676 ut
715 4622 747 4677 et
772 4610 832 4702 ipsi
858 4608 936 4676 haec
958 4611 1064 4677 omnia
1084 4632 1183 4701 quam
1201 4630 1334 4674 accura-

162 4714 280 4782 tissime
304 4716 487 4807 perdiscant
506 4717 687 4787 et·assiduo
705 4730 737 4786 et
757 4718 854 4808 longo
875 4716 1021 4784 lectionis
1041 4729 1073 4783 et
1091 4715 1331 4806 interpretatio-
