3309 5750
896 606 936 669 14

323 784 358 857 δὶς
379 782 421 863 τῷ
440 803 468 861 χ
474 776 608 862 ρυσνςά
615 803 686 862 μῳ,
709 779 740 845 ε’ν
757 774 789 862 ᾧ.
806 820 849 832 -
869 778 1028 846 Similiter
1046 798 1120 846 mox
1139 780 1174 845 in
1193 779 1261 847 his:
1286 779 1333 851 ἔτι
1352 805 1413 849 σου
1425 782 1512 850 σθνε·

321 911 368 961 σος
383 886 453 953 νέων
465 886 518 952 καὶ
531 883 680 967 γερθντων
698 886 860 952 άσυνεσθα.
883 884 1126 968 χρυσθςομος
1150 886 1214 968 γάρ
1234 889 1267 952 οῦ
1285 886 1423 955 διδάσκει
1435 889 1510 972 φρά·

318 1016 403 1068 νκσιν
425 991 515 1058 άλλά
538 990 633 1074 φύσις
654 990 707 1055 καὶ
730 992 797 1072 θρθῦρ
820 990 937 1057 δίαιτα.
975 989 1033 1079 (Gi.
1058 1012 1088 1077 p.
1113 996 1196 1068 774,
1222 990 1288 1079 16).
1334 992 1461 1062 Littera
1481 1018 1510 1077 χ

318 1096 496 1183 implexum
517 1094 637 1162 babens
657 1120 672 1177 ρ
690 1104 722 1161 οι
741 1095 848 1177 χρθνος
870 1104 903 1164 et
923 1095 1115 1179 Χρνσθτομος
1139 1096 1322 1181 siguificat:
1348 1098 1405 1183 qui
1429 1098 1509 1168 haec

320 1203 354 1268 in
378 1202 434 1269 tali
458 1202 526 1268 loco
549 1199 745 1267 confundere
768 1209 894 1288 potest,
923 1202 953 1267 ei
981 1201 1114 1267 mandes
1137 1201 1166 1266 si
1193 1200 1272 1286 quid
1300 1211 1388 1269 recte
1416 1224 1509 1272 cura·

318 1315 390 1374 tum
419 1306 508 1374 velis.
556 1307 603 1377 Ex
633 1306 744 1373 eodem
774 1306 861 1373 sonte
893 1315 1068 1373 manarunt
1096 1327 1221 1373 errores
1251 1306 1440 1377 huiusmodi
1473 1318 1509 1378 ut

321 1413 493 1480 &cnonas
514 1411 610 1493 σοφάς
639 1411 788 1489 dicatur,
819 1412 1038 1479 Dnuusuunuss
1069 1413 1183 1492 δῆμος,
1214 1412 1379 1487 Xnuounou
1402 1414 1508 1493 ξένος,

319 1518 527 1585 Aarsrorcms
546 1515 666 1599 otpicoc:
690 1524 802 1583 contra
823 1518 908 1604 apud
928 1517 1117 1584 ilianocmr.
1139 1536 1168 1582 v.
1192 1516 1300 1594 Ζεῦξις
1322 1519 1440 1588 nobilis
1463 1522 1507 1608 pi·

319 1631 392 1690 otor
403 1622 524 1688 dicitur
547 1622 788 1704 Ἀριτοτθλκς
812 1629 871 1688 τῶν
889 1627 961 1689 κατ’
981 1626 1092 1690 ἐκεῖνον
1104 1624 1156 1689 τδν
1167 1622 1274 1705 χρόνον
1287 1622 1463 1709 ζωγράφων
1475 1628 1507 1694 in

319 1726 470 1794 omnihus
492 1726 582 1792 codd.
609 1748 667 1815 pro
687 1727 801 1811 άριςος.
851 1729 996 1795 Nutanda
1019 1736 1068 1796 est
1096 1729 1235 1795 nominis
1265 1727 1452 1814 depravatio
1476 1731 1507 1796 in

321 1834 448 1900 &iomar
479 1832 650 1918 Florilcpio
669 1833 731 1899 XC.
757 1838 777 1899 9
811 1833 867 1899 ubi
898 1833 1054 1900 editiones
1078 1835 1225 1915 Ἐκδιθρου
1249 1853 1366 1899 nomen
1387 1834 1506 1921 praele-

319 1947 420 2018 runt‚
444 1937 544 2005 codex
566 1938 709 2024 optimus
730 1940 866 2021 ἐκιδωρου
890 1942 1040 2007 servavit.
1086 1951 1113 2006 Κ
1133 1945 1165 2003 et
1176 1941 1214 2007 1ss
1235 1936 1389 2004 conlundi
1407 1940 1507 2007 solere

320 2055 435 2115 notum
456 2064 526 2111 esse
549 2043 688 2109 arbitror
711 2052 744 2110 et
761 2046 910 2128 εἰσιδιθρου
932 2045 1095 2132 appellant
1114 2043 1238 2110 scribae
1256 2043 1341 2129 quod
1359 2045 1505 2128 Ἰσιδάρον

320 2182 387 2250 est,
411 2171 488 2257 quia
509 2154 730 2256 {productum
751 2191 808 2258 per
824 2197 851 2237 ει
869 2171 1104 2259 diphthongum
1126 2172 1205 2237 satis
1224 2178 1412 2238 constanter
1430 2172 1506 2240 seri·

318 2278 352 2345 bi
384 2276 504 2343 solebat
534 2277 567 2340 in
592 2276 735 2361 antiquis
766 2276 878 2355 libris,
902 2276 1107 2364 grammatici
1131 2277 1209 2343 adeo
1242 2276 1410 2341 certabant
1434 2284 1506 2343 utra

319 2383 482 2469 scriptura
505 2390 589 2448 esset
616 2382 738 2468 potior,
762 2382 847 2469 quod
871 2403 923 2449 me
956 2382 1073 2449 Snxrus
1103 2383 1268 2449 Ennianus
1298 2379 1408 2448 docuit
1435 2383 1504 2449 cdo.

320 2511 494 2577 mammas.
516 2507 541 2573 l.
575 2528 617 2575 rx.
645 2511 708 2575 169
744 2509 896 2591 ζητοῦμεν
926 2512 952 2575 εἰ
982 2507 1153 2589 εῦχάλινον-
1180 2506 1231 2571 καὶ
1261 2507 1405 2582 εὐθδιυας
1430 2510 1504 2592 τῷι

316 2637 407 2717 μθνον
431 2634 587 2718 γραπτέον
611 2635 628 2711 ἢ
652 2645 691 2718 τῇ
716 2618 753 2700 ᾗ.
804 2633 865 2699 Sed
890 2632 929 2699 de
946 2633 998 2698 his
1022 2631 1171 2698 omnibus
1195 2632 1277 2698 alius
1302 2632 1434 2699 dabitur
1457 2633 1505 2702 di·

318 2739 548 2816 redditaene,
580 2738 620 2805 ad
645 2738 802 2805 Sroaxaun
833 2747 988 2805 revertor.
1037 2740 1240 2804 Aurirnouns
1271 2736 1359 2804 locus
1387 2738 1507 2825 legitur

317 2867 349 2934 p.
373 2851 438 2912 730
463 2851 600 2927 πρῶτον,
622 2840 727 2923 οἶμαι,
753 2851 812 2910 τῶν
837 2846 867 2909 ἐν
891 2847 1061 2925 οῦρανοῑς
1086 2844 1132 2914 ἐςὶ
1157 2844 1338 2922 παίδευσις,
1363 2842 1504 2931 lepidum

316 2970 480 3037 bominem
502 2969 558 3054 qui
581 2988 619 3033 ex
640 2970 740 3045 άνοις,
767 2971 787 3035 i.
809 2989 836 3036 a.
861 2970 1043 3050 ἀνθρώποις,
1068 2969 1100 3034 iu
1125 2967 1176 3033 bis
1197 2970 1302 3036 verbis
1322 2970 1427 3041 delabi
1452 2995 1504 3061 po-

317 3099 383 3165 tuit
412 3095 452 3162 ad
478 3079 571 3168 οο’ν’”οι”ς
595 3095 617 3158 i.
634 3113 662 3159 e.
686 3097 842 3176 οὐρανοῖς,
875 3112 915 3158 ne
939 3090 998 3156 boc
1029 3092 1159 3178 quidem
1195 3096 1340 3180 cogitans
1363 3101 1505 3179 οὐρανούς

316 3223 375 3292 pro
398 3199 519 3284 οῦρανθν
548 3199 673 3265 Graccis
691 3219 760 3266 csse
784 3198 967 3264 inauditum
991 3217 1029 3263 ac
1050 3205 1171 3264 temera
1192 3200 1317 3266 coelum
1342 3221 1379 3266 ac
1401 3211 1505 3270 terras

316 3310 467 3377 miscens
514 3304 637 3392 Duplex
668 3304 785 3371 vitium
818 3313 868 3371 est
903 3325 933 3391 p.
956 3309 1030 3370 737.
1079 3304 1159 3369 Δι’ων
1187 3303 1281 3384 ἔλεγε
1312 3309 1381 3373 καθ’
1405 3310 1505 3376 Ἡσθ·

315 3415 364 3481 δον
384 3413 456 3496 τρθα
480 3412 555 3497 γένος
577 3408 655 3478 εἶναι
679 3410 940 3492 μαθημάτων,
969 3416 1123 3492 χρυσοῦν,
1154 3413 1325 3493 άργυροῦν,
1348 3421 1504 3495 χαλκοῦν.

315 3523 451 3604 χρυσοῦν
481 3518 539 3598 μὲν
559 3517 594 3584 τδ
618 3524 676 3583 τῶν
698 3518 837 3585 διδόντων
857 3517 910 3584 καὶ
930 3518 975 3595 μὴ
994 3516 1227 3594 μανθανόντων,
1250 3519 1400 3600 άργυροῦν
1421 3522 1454 3586 δὲ
1469 3523 1505 3588 τθ

314 3632 373 3692 τῶν
404 3622 542 3690 διδόντων
571 3622 623 3687 καὶ
653 3622 892 3701 μανθανόντων,
923 3626 1067 3701 χαλκοῦν
1090 3622 1122 3685 δὲ
1145 3621 1180 3685 τδ
1205 3628 1263 3687 τῶν
1286 3625 1503 3702 μανθανόντων

315 3731 372 3810 μὲν
392 3731 425 3792 οῦ
446 3726 584 3792 διδθντων
603 3726 646 3791 δέ.
697 3729 759 3791 Res
783 3726 852 3811 ipsa
873 3724 990 3792 clamat
1011 3728 1156 3806 μοοθιρτῦν
1177 3746 1247 3793 esse
1265 3728 1504 3798 emendandum

315 3821 375 3921 pro
396 3830 592 3912 μαθημάτων
605 3856 619 3908 ,’
639 3837 672 3895 at
696 3832 769 3916 quis
788 3838 836 3896 est
856 3832 912 3916 qui
933 3831 994 3897 hoc
1018 3831 1162 3898 dixerit?
1209 3832 1317 3898 Facile
1337 3835 1504 3919 negotium

314 3945 363 4004 est
390 3935 533 4022 reperire
556 3935 629 4020 quis
653 3934 712 4000 boo
736 3941 765 4001 et
788 3936 926 4001 senserit
948 3943 980 4002 et
1013 3945 1078 4002 tam
1105 3938 1210 4002 iocose
1239 3933 1375 4014 dixerit,
1400 3940 1428 4004 si
1451 3941 1503 4006 θων

314 4043 418 4109 solum
438 4039 625 4106 memineris
638 4060 707 4106 esse
726 4040 919 4126 genuinum,
942 4041 960 4106 δ
979 4041 1139 4107 adiectum
1162 4042 1201 4107 ab
1222 4062 1277 4119 eo,
1301 4043 1356 4128 qui
1381 4041 1502 4110 adscri-

312 4149 361 4214 bit
385 4144 542 4233 quidquid
565 4145 720 4211 collibuit.
768 4146 888 4233 Nempe
911 4146 1181 4234 quemadmodum
1202 4166 1239 4213 ea
1263 4146 1370 4221 dicere
1390 4148 1501 4217 Socan-

312 4274 367 4319 rns
389 4270 567 4337 numquam
597 4252 721 4337 potuit,
756 4253 801 4317 sic
826 4239 905 4318 satis
928 4260 1054 4317 certum
1079 4259 1127 4317 est
1157 4252 1411 4338 Borysthenitum
1431 4257 1501 4322 Bro-

311 4379 371 4423 unu
403 4357 463 4422 boc
500 4355 624 4423 lusisse.
672 4357 770 4424 Nemo
804 4377 890 4422 nunc
921 4356 1070 4423 dubitare
1094 4360 1193 4444 possit
1217 4359 1296 4443 quin
1320 4369 1408 4426 recta
1441 4383 1500 4449 pro

310 4487 363 4569 ἰῷ,
389 4485 421 4550 in
444 4473 508 4570 quo
528 4462 774 4549 [adventicium
793 4492 857 4560 est,
882 4466 962 4568 idi.
976 4503 1004 4549 e.
1031 4485 1084 4565 θεῷ
1107 4485 1360 4570 ιοροείῑιιιιιείῑ.
1398 4487 1434 4553 Ιιι
1448 4509 1499 4554 oo-

311 4581 382 4658 dioe
403 4588 508 4656 lertur
529 4595 565 4654 ut
587 4591 731 4667 Μιλήτου
757 4589 955 4670 versiculus,
980 4609 1074 4676 quem
1099 4589 1205 4657 editus
1229 4591 1381 4660 Snouauus
1406 4603 1500 4668 Φιλν·
