3309 5750
862 641 927 704 306

302 841 359 932 qui
379 837 567 918 ἐκπτόμενος
590 835 693 928 (quod
713 833 820 901 inritis
840 834 952 900 scribis
970 847 1128 928 serratum
1149 836 1212 925 est)
1240 848 1275 903 et
1294 838 1486 907 κατέττατο

301 946 385 1013 bene
404 944 549 1035 copulari
568 943 746 1021 existimat,
769 939 915 1007 nondum
935 941 1009 1007 satis
1031 941 1128 1007 sensit
1158 964 1260 1031 quam
1277 953 1402 1009 teretes
1429 966 1484 1011 au·

300 1074 351 1119 res
376 1049 547 1116 habuerint
570 1049 682 1126 Attici,
703 1068 764 1112 nec
792 1070 880 1112 suam
904 1069 1013 1113 aurem
1036 1070 1074 1112 ex
1093 1046 1222 1113 illorum
1245 1048 1396 1114 lectione
1415 1050 1484 1116 satir

300 1155 396 1223 habet
417 1156 598 1222 exercitam.
641 1153 738 1218 Vides
765 1152 909 1218 librarios
932 1152 1069 1218 formam
1092 1152 1228 1219 Atticam
1253 1154 1483 1242 obliterautcs,

298 1263 503 1330 Homericam
522 1285 539 1326 a
558 1260 760 1351 sequioribus
783 1272 945 1325 recoctam
968 1260 1080 1325 crebro
1100 1260 1351 1327 substituentes:
1372 1261 1480 1353 itaque

298 1369 366 1434 noli
387 1371 423 1434 iis
444 1369 572 1435 credere
594 1381 626 1434 et
648 1367 760 1433 Atticis
783 1389 877 1432 suum
905 1367 1026 1457 ubique
1047 1366 1155 1434 redde.
1205 1368 1261 1434 llis
1281 1381 1399 1435 autem
1419 1369 1481 1436 inr-

297 1476 358 1541 mis
389 1476 548 1565 antiquis,
581 1474 697 1539 Ionicis
725 1485 757 1539 et
787 1472 919 1550 Atticis,
951 1474 1065 1538 vitiosa
1093 1479 1152 1538 τῶν
1179 1476 1306 1539 ἰδιωτῶν
1338 1476 1478 1549 οννάόεια

297 1579 354 1645 has
376 1581 516 1646 addidit:
541 1581 687 1657 πέταμαι
710 1577 1328 1656 (1166115111τῑῖπταμαιοῑέπετάσόην
1359 1580 1478 1672 (inepte

296 1708 356 1778 pro
379 1686 530 1765 ε’πτόμην,
552 1703 652 1776 quum
674 1683 766 1748 sitin
787 1706 862 1748 sana
883 1682 1060 1749 Graecitate
1080 1706 1118 1749 er
1136 1681 1316 1763 πετάννυμι
1337 1688 1475 1772 natum),

297 1804 331 1857 et
361 1790 491 1855 tandem
518 1796 602 1855 πετῶ
634 1811 764 1879 qunque
793 1800 826 1854 et
852 1789 969 1863 ἐπέπα,
994 1789 1165 1862 άπετέπα,
1191 1788 1261 1855 sim.
1311 1791 1475 1858 Atticistac

298 1896 398 1985 igitur
420 1893 475 1960 has
496 1895 612 1960 formas
633 1917 742 1959 omnes
762 1895 848 1959 inter
867 1917 899 1959 se
922 1894 1135 1983 permiscent,
1160 1894 1369 1975 Homericas,
1394 1895 1475 1963 trti-

296 2024 366 2077 cas,
390 2000 558 2071 ἰδιωτικάς.
594 1998 725 2065 Scribae
745 2011 926 2090 grassantur
945 2001 979 2066 in
1000 2000 1112 2065 Atticis
1132 2002 1355 2091 potissimum,
1375 2002 1471 2068 πέτα-

295 2130 356 2186 μαι
377 2117 409 2171 ct
429 2104 569 2183 όπταμαι
590 2127 684 2195 saepe
703 2106 742 2171 de
761 2130 818 2172 suo
835 2104 1038 2184 invehentes,
1053 2117 1085 2171 et
1101 2129 1160 2195 prc
1174 2106 1333 2185 πτάμενος
1352 2107 1473 2197 scripti·

297 2222 366 2276 taut
385 2208 545 2287 πτάμενος
567 2214 816 2289 antaradenae,
836 2223 872 2277 ut
890 2216 1065 2289 πετόμενος
1083 2235 1142 2302 pro
1152 2211 1346 2292 πετόμενος,
1365 2221 1473 2305 quam&

296 2338 393 2408 quam
415 2314 571 2379 τετάσθαι
592 2336 633 2380 ne
652 2314 737 2405 apud
758 2317 882 2389 ἐδιάτας
903 2316 1034 2407 quidem
1052 2317 1085 2381 in
1107 2340 1166 2383 usu
1187 2317 1265 2396 fuit,
1286 2318 1344 2383 scd
1365 2320 1472 2387 ecdem

295 2443 402 2488 errore
433 2418 582 2484 scribitur
602 2443 667 2510 quo
689 2422 856 2504 spiciatur,
881 2425 1038 2502 κιρνᾶται,
1061 2423 1130 2489 sim.
1183 2422 1358 2517 Luclartus
1386 2448 1471 2517 saepe

294 2528 328 2595 in
349 2528 398 2595 his
414 2526 574 2618 peccarit,
593 2550 686 2618 saepe
708 2529 807 2592 bonas
827 2527 945 2592 formas
963 2541 1093 2619 usurpat
1109 2529 1317 2607 κατεπτόμην
1338 2534 1403 2607 46,
1423 2536 1472 2610 10,

293 2634 474 2712 άνεπτόμην
498 2636 558 2711 46,
580 2637 620 2698 19
654 2634 725 2720 (ubi
745 2634 778 2698 in
798 2632 963 2723 plerisque
984 2645 1032 2698 est
1054 2634 1279 2721 άνεπτιόμην),
1296 2645 1471 2703 καταπτοῖο

297 2737 499 2829 (κατάπτοιο)
526 2741 583 2816 47,
603 2742 634 2804 8.
668 2744 886 2816 καταπτῶμαι
912 2738 1157 2827 (κατάπτωμαι)
1186 2741 1324 2816 46,13.
1369 2741 1473 2832 Repo·

294 2843 437 2910 nendum
459 2855 505 2910 est
526 2848 585 2924 66,
606 2850 658 2912 44.
683 2846 715 2910 οὐ
741 2843 1013 2923 μετατειιιάμενος
1036 2846 1113 2909 aitt'
1133 2844 1229 2916 αὐτὸς
1250 2848 1472 2927 ἐπιπετόμενος

292 2951 454 3023 άπέλανον
478 2950 643 3030 άπάντιον,
675 2951 741 3015 imo
771 2971 845 3015 reru
868 2947 1085 3026 ἐπιπτόμενος.
1131 2948 1291 3016 Futurum
1313 2963 1363 3018 est
1386 2956 1473 3032 7,2.

293 3065 326 3118 et
347 3056 406 3130 65,
425 3056 456 3118 7.
481 3057 726 3131 καταπτήσεται
749 3064 781 3119 ct
807 3056 852 3118 70
861 3101 870 3132 ,
894 3058 947 3118 35.
967 3053 1205 3129 ἐκπετάσονται.
1243 3058 1377 3124 luriunt
1402 3058 1473 3126 libri

293 3160 353 3236 70,
382 3160 425 3221 20
451 3156 485 3223 in
514 3159 758 3234 transnatantes
787 3169 820 3223 et
847 3158 1089 3233 ἐπιπτάσεοόαιτ
1123 3163 1157 3224 in
1188 3164 1246 3242 17,
1273 3168 1327 3231 42.
1349 3167 1469 3257 corrige

292 3264 419 3346 άφανης
449 3262 651 3327 άποπετέσόα
683 3286 742 3353 pro
773 3262 961 3328 άποπτέσόω
993 3264 1229 3358 (άτοπτάσόω),
1267 3270 1324 3336 sed
1354 3274 1471 3362 passim

292 3369 395 3434 utitur
414 3367 525 3433 formis
545 3367 662 3434 Ionicis
681 3374 722 3435 45
729 3418 738 3448 ,
754 3373 805 3434 16.
820 3369 1055 3447 καταπταμένη
1064 3417 1074 3447 ,
1096 3373 1190 3449 47,1,.
1206 3377 1471 3458 καταπτόμενος.

280 3478 351 3559 52,
371 3477 421 3541 14.
442 3475 598 3552 ἐξέπτατο
614 3513 652 3524 -
665 3475 838 3540 άνέπτατο.
866 3476 925 3551 68,
946 3476 989 3537 39
1010 3485 1043 3538 et
1065 3477 1388 3563 40.’άναπτάμενος,
1415 3484 1470 3563 66,

294 3585 345 3647 46.
365 3579 602 3659 άποπτάμενοι,
629 3580 696 3646 tu'm
717 3587 833 3654 πτῆναι
855 3579 1006 3645 lubenter
1025 3580 1136 3646 scribit
1156 3584 1192 3659 8,
1212 3589 1251 3662 5,
1267 3588 1297 3649 2.
1318 3588 1470 3666 άνέπτης.

293 3689 412 3767 8,19,
438 3687 463 3750 1.
488 3686 662 3764 παρέπτην.
699 3689 738 3764 8,
760 3688 821 3764 20,
847 3689 895 3750 14.
919 3685 1076 3761 κατέπτη.
1113 3690 1175 3765 26,
1195 3693 1248 3756 28.
1273 3691 1471 3770 ἐπέπτησαν.

199 3855 200 3859 ,
294 3798 351 3872 45,
372 3797 425 3857 23.
449 3790 632 3865 διέπτησαν.
660 3795 720 3867 50,
741 3795 772 3857 3.
793 3790 957 3865 διαπταίη.
984 3797 1043 3869 51,
1062 3795 1092 3859 7.
1113 3795 1319 3875 ὑπερπτῆναι.
1343 3801 1405 3878 66,
1422 3803 1472 3866 45.

291 3897 478 3979 ὑπερέπτης.
514 3898 567 3972 67,
596 3901 631 3973 9,
662 3898 692 3961 4.
722 3895 860 3970 διέπτην.
896 3900 959 3974 73,
980 3900 1032 3962 50.
1051 3899 1192 3974 άπέπτη.
1228 3903 1290 3980 78,
1311 3907 1343 3967 7.
1369 3918 1473 3969 κατα·

291 3998 432 4067 πτάντα.
481 3997 607 4063 Deinde
631 4012 873 4086 nonnumquam
892 4000 1035 4065 abutitur
1054 4002 1155 4069 forma
1177 4005 1307 4095 plebeia
1326 4005 1471 4089 ἵπταμαι

292 4114 328 4170 ut
356 4105 390 4180 l,
416 4103 466 4166 16.
493 4100 730 4182 ἐφιπτάμενος.
767 4104 803 4180 8,
825 4106 885 4181 20,
906 4109 937 4170 6.
960 4110 1246 4189 συμπαριπτάμην.
1274 4115 1332 4191 16,
1352 4117 1384 4179 2.
1404 4115 1471 4180 άνό-

291 4231 427 4277 πταται.
454 4211 513 4283 38,
534 4208 563 4271 6.
585 4205 795 4286 διιπτάμεόα,
822 4210 1013 4300 quibuscum
1035 4214 1202 4283 utilissime
1218 4240 1394 4310 compones
1413 4244 1469 4300 ca,

292 4312 409 4406 quibus
430 4311 636 4379 Luleuurtts
657 4313 778 4381 insania
797 4317 968 4408 castigatur
987 4325 1045 4400 34,
1066 4327 1118 4389 25.
1141 4325 1176 4388 τὸ
1202 4326 1233 4390 δὲ
1259 4326 1387 4392 πάντων
1411 4352 1471 4392 κα-

290 4418 554 4500 recensebant
583 4420 682 4487 ἐκεῖνό
701 4423 780 4503 ἕτιν,
807 4421 853 4491 ότι
882 4426 1088 4515 ὑπεράττικος
1109 4427 1188 4495 εἶναι
1213 4432 1308 4509 άξιῶν
1331 4432 1387 4497 καὶ
1412 4432 1469 4507 την

291 4526 395 4612 φωνην
421 4526 464 4598 εἰς
496 4524 532 4591 τό
554 4525 771 4606 ἀρχαιότατον
798 4532 1055 4613 άπηκριβιομένος
1077 4538 1211 4600 τοιαῦτα
1232 4534 1300 4600 ἔνια
1322 4537 1470 4614 ἐγκατα-

291 4630 434 4710 μιγνύεις
457 4639 522 4704 τοῖς
541 4630 664 4718 λόγοις,
687 4630 709 4700 όν
728 4635 807 4714 μηδὲ
829 4646 907 4709 παῖς
929 4636 999 4718 άρπι
1018 4637 1181 4717 μανόάνων
1201 4642 1384 4721 άμνοήσειεν
1407 4641 1469 4730 ἄν,

292 4747 361 4802 tunr
389 4748 463 4828 pust
490 4749 592 4828 peuce
622 4741 780 4835 exempla:
808 4742 863 4811 καὶ
886 4742 977 4810 ἄλλα
1000 4745 1081 4812 πολὺ
1109 4745 1225 4813 τούτων
1248 4747 1471 4830 προφανέτερα
