<?xml version="1.0" encoding="UTF-8"?>
<!DOCTYPE html PUBLIC "-//W3C//DTD XHTML 1.0 Transitional//EN"
    "http://www.w3.org/TR/xhtml1/DTD/xhtml1-transitional.dtd">
<html xmlns="http://www.w3.org/1999/xhtml" xml:lang="en" lang="en">
 <head>
  <title>
</title>
<meta http-equiv="Content-Type" content="text/html;charset=utf-8" />
  <meta name='ocr-system' content='tesseract 3.04.00' />
  <meta name='ocr-capabilities' content='ocr_page ocr_carea ocr_par ocr_line ocrx_word'/>
</head>
<body>
  <div class='ocr_page' id='page_1' title='image "./variaelectiones01cobegoog_0188.png"; bbox 0 0 3309 5750; ppageno 0'>
   <div class='ocr_carea' id='block_1_1' title="bbox 882 610 924 672">
    <p class='ocr_par' dir='ltr' id='par_1_1' title="bbox 882 610 924 672">
     <span class='ocr_line' id='line_1_1' title="bbox 882 610 924 672; baseline 0 0"><span class='ocrx_word' id='word_1_1' title='bbox 882 610 924 672; x_wconf 71' lang='grc'><strong><em>94</em></strong></span> 
     </span>
    </p>
   </div>
   <div class='ocr_carea' id='block_1_2' title="bbox 301 778 1506 4236">
    <p class='ocr_par' dir='ltr' id='par_1_2' title="bbox 301 778 1506 4236">
     <span class='ocr_line' id='line_1_2' title="bbox 316 778 1506 867; baseline -0.002 -14"><span class='ocrx_word' id='word_1_2' title='bbox 316 797 441 855; x_wconf 64' lang='lat' dir='ltr'><strong><em>aucant</em></strong></span> <span class='ocrx_word' id='word_1_3' title='bbox 470 794 643 852; x_wconf 75' lang='lat' dir='ltr'><strong><em>amesmnter</em></strong></span> <span class='ocrx_word' id='word_1_4' title='bbox 670 803 777 849; x_wconf 85' lang='lat' dir='ltr'><strong><em>omnes</em></strong></span> <span class='ocrx_word' id='word_1_5' title='bbox 804 781 969 848; x_wconf 88' lang='lat' dir='ltr'><strong><em>cuiuslibet</em></strong></span> <span class='ocrx_word' id='word_1_6' title='bbox 988 781 1097 847; x_wconf 90' lang='lat' dir='ltr'><strong><em>aetatis</em></strong></span> <span class='ocrx_word' id='word_1_7' title='bbox 1125 791 1153 846; x_wconf 91' lang='lat' dir='ltr'><strong><em>ct</em></strong></span> <span class='ocrx_word' id='word_1_8' title='bbox 1177 778 1361 867; x_wconf 77' lang='lat' dir='ltr'><strong><em>prosapiae,</em></strong></span> <span class='ocrx_word' id='word_1_9' title='bbox 1393 785 1425 851; x_wconf 89' lang='lat' dir='ltr'><strong><em>io</em></strong></span> <span class='ocrx_word' id='word_1_10' title='bbox 1454 787 1506 857; x_wconf 78' lang='lat' dir='ltr'><strong><em>tn&#39;s</em></strong></span> 
     </span>
     <span class='ocr_line' id='line_1_3' title="bbox 315 884 1502 980; baseline -0.003 -21"><span class='ocrx_word' id='word_1_11' title='bbox 315 894 499 980; x_wconf 74' lang='lat' dir='ltr'><strong><em>antiquitate</em></strong></span> <span class='ocrx_word' id='word_1_12' title='bbox 524 902 553 958; x_wconf 88' lang='lat' dir='ltr'><strong><em>et</em></strong></span> <span class='ocrx_word' id='word_1_13' title='bbox 575 891 639 977; x_wconf 84' lang='lat' dir='ltr'><strong><em>fide</em></strong></span> <span class='ocrx_word' id='word_1_14' title='bbox 668 888 802 974; x_wconf 68' lang='lat' dir='ltr'><strong><em>insignis</em></strong></span> <span class='ocrx_word' id='word_1_15' title='bbox 831 888 928 953; x_wconf 78' lang='lat' dir='ltr'><strong><em>codes</em></strong></span> <span class='ocrx_word' id='word_1_16' title='bbox 952 886 975 953; x_wconf 89' lang='lat' dir='ltr'>S</span> <span class='ocrx_word' id='word_1_17' title='bbox 997 884 1172 951; x_wconf 75' lang='lat' dir='ltr'><strong><em>Parisinus.</em></strong></span> <span class='ocrx_word' id='word_1_18' title='bbox 1233 885 1336 952; x_wconf 80' lang='lat' dir='ltr'><strong><em>Audio</em></strong></span> <span class='ocrx_word' id='word_1_19' title='bbox 1359 898 1392 954; x_wconf 93' lang='lat' dir='ltr'><strong><em>et</em></strong></span> <span class='ocrx_word' id='word_1_20' title='bbox 1416 893 1502 962; x_wconf 87' lang='lat' dir='ltr'><strong><em>ultro</em></strong></span> 
     </span>
     <span class='ocr_line' id='line_1_4' title="bbox 315 989 1503 1083; baseline -0.001 -17"><span class='ocrx_word' id='word_1_21' title='bbox 315 997 540 1065; x_wconf 77' lang='lat' dir='ltr'><strong><em>demonstrabo</em></strong></span> <span class='ocrx_word' id='word_1_22' title='bbox 563 996 634 1061; x_wconf 89' lang='lat' dir='ltr'><strong><em>illus</em></strong></span> <span class='ocrx_word' id='word_1_23' title='bbox 655 993 754 1059; x_wconf 88' lang='lat' dir='ltr'><strong><em>libros</em></strong></span> <span class='ocrx_word' id='word_1_24' title='bbox 773 1002 964 1080; x_wconf 89' lang='lat' dir='ltr'><strong><em>propagatos</em></strong></span> <span class='ocrx_word' id='word_1_25' title='bbox 983 1011 1053 1059; x_wconf 93' lang='lat' dir='ltr'><strong><em>esse</em></strong></span> <span class='ocrx_word' id='word_1_26' title='bbox 1072 1011 1110 1057; x_wconf 81' lang='lat' dir='ltr'><strong><em>eu</em></strong></span> <span class='ocrx_word' id='word_1_27' title='bbox 1135 989 1324 1080; x_wconf 85' lang='lat' dir='ltr'><strong><em>codicibus,</em></strong></span> <span class='ocrx_word' id='word_1_28' title='bbox 1353 999 1409 1083; x_wconf 84' lang='lat' dir='ltr'><strong><em>qui</em></strong></span> <span class='ocrx_word' id='word_1_29' title='bbox 1431 1001 1503 1066; x_wconf 87' lang='lat' dir='ltr'><strong><em>vivo</em></strong></span> 
     </span>
     <span class='ocr_line' id='line_1_5' title="bbox 314 1097 1501 1183; baseline 0.002 -13"><span class='ocrx_word' id='word_1_30' title='bbox 314 1104 448 1170; x_wconf 78' lang='lat' dir='ltr'><strong><em>hucrmo</em></strong></span> <span class='ocrx_word' id='word_1_31' title='bbox 476 1112 509 1169; x_wconf 93' lang='lat' dir='ltr'><strong><em>et</em></strong></span> <span class='ocrx_word' id='word_1_32' title='bbox 538 1101 787 1167; x_wconf 78' lang='lat' dir='ltr'><strong><em>Hiauocnsrrosa</em></strong></span> <span class='ocrx_word' id='word_1_33' title='bbox 810 1097 1011 1165; x_wconf 80' lang='lat' dir='ltr'><strong><em>habebantur</em></strong></span> <span class='ocrx_word' id='word_1_34' title='bbox 1037 1098 1070 1162; x_wconf 92' lang='lat' dir='ltr'><strong><em>iu</em></strong></span> <span class='ocrx_word' id='word_1_35' title='bbox 1096 1100 1392 1183; x_wconf 85' lang='lat' dir='ltr'><strong><em>praestantissimis.</em></strong></span> <span class='ocrx_word' id='word_1_36' title='bbox 1441 1105 1501 1172; x_wconf 90' lang='lat' dir='ltr'><strong><em>No·</em></strong></span> 
     </span>
     <span class='ocr_line' id='line_1_6' title="bbox 312 1202 1500 1295; baseline 0.002 -20"><span class='ocrx_word' id='word_1_37' title='bbox 312 1218 384 1276; x_wconf 91' lang='lat' dir='ltr'><strong><em>tum</em></strong></span> <span class='ocrx_word' id='word_1_38' title='bbox 400 1217 450 1275; x_wconf 89' lang='lat' dir='ltr'><strong><em>est</em></strong></span> <span class='ocrx_word' id='word_1_39' title='bbox 466 1227 562 1295; x_wconf 87' lang='lat' dir='ltr'><strong><em>quam</em></strong></span> <span class='ocrx_word' id='word_1_40' title='bbox 583 1224 676 1291; x_wconf 88' lang='lat' dir='ltr'><strong><em>saepe</em></strong></span> <span class='ocrx_word' id='word_1_41' title='bbox 690 1203 919 1270; x_wconf 72' lang='lat' dir='ltr'><strong><em>Hurrocmrros</em></strong></span> <span class='ocrx_word' id='word_1_42' title='bbox 938 1202 1047 1270; x_wconf 90' lang='lat' dir='ltr'><strong><em>laudet</em></strong></span> <span class='ocrx_word' id='word_1_43' title='bbox 1065 1202 1109 1269; x_wconf 77' lang='lat' dir='ltr'><strong><em>rat</em></strong></span> <span class='ocrx_word' id='word_1_44' title='bbox 1121 1206 1325 1284; x_wconf 68' lang='lat' dir='ltr'><strong><em>&#39;Animaad,</em></strong></span> <span class='ocrx_word' id='word_1_45' title='bbox 1341 1209 1500 1295; x_wconf 83' lang='lat' dir='ltr'><strong><em>singulari</em></strong></span> 
     </span>
     <span class='ocr_line' id='line_1_7' title="bbox 311 1308 1502 1398; baseline 0.002 -17"><span class='ocrx_word' id='word_1_46' title='bbox 311 1335 391 1381; x_wconf 89' lang='lat' dir='ltr'><strong><em>cura</em></strong></span> <span class='ocrx_word' id='word_1_47' title='bbox 414 1321 447 1380; x_wconf 89' lang='lat' dir='ltr'><strong><em>et</em></strong></span> <span class='ocrx_word' id='word_1_48' title='bbox 473 1311 640 1398; x_wconf 83' lang='lat' dir='ltr'><strong><em>diligentia</em></strong></span> <span class='ocrx_word' id='word_1_49' title='bbox 663 1308 825 1395; x_wconf 86' lang='lat' dir='ltr'><strong><em>descripta</em></strong></span> <span class='ocrx_word' id='word_1_50' title='bbox 848 1309 887 1375; x_wconf 90' lang='lat' dir='ltr'><strong><em>ab</em></strong></span> <span class='ocrx_word' id='word_1_51' title='bbox 907 1308 970 1395; x_wconf 68' lang='lat' dir='ltr'><strong><em>‚itta</em></strong></span> <span class='ocrx_word' id='word_1_52' title='bbox 995 1308 1125 1385; x_wconf 76' lang='lat' dir='ltr'><strong><em>Annaeo,</em></strong></span> <span class='ocrx_word' id='word_1_53' title='bbox 1149 1326 1244 1394; x_wconf 89' lang='lat' dir='ltr'><strong><em>quem</em></strong></span> <span class='ocrx_word' id='word_1_54' title='bbox 1276 1310 1427 1380; x_wconf 82' lang='lat' dir='ltr'><strong><em>laudibus</em></strong></span> <span class='ocrx_word' id='word_1_55' title='bbox 1448 1336 1502 1383; x_wconf 86' lang='lat' dir='ltr'><strong><em>ex·</em></strong></span> 
     </span>
     <span class='ocr_line' id='line_1_8' title="bbox 311 1411 1500 1494; baseline 0.004 -10"><span class='ocrx_word' id='word_1_56' title='bbox 311 1419 395 1484; x_wconf 86' lang='lat' dir='ltr'><strong><em>tollit</em></strong></span> <span class='ocrx_word' id='word_1_57' title='bbox 427 1418 578 1484; x_wconf 65' lang='lat' dir='ltr'><strong><em>Lucienus</em></strong></span> <span class='ocrx_word' id='word_1_58' title='bbox 602 1418 668 1490; x_wconf 77' lang='lat'><strong><em>58,</em></strong></span> <span class='ocrx_word' id='word_1_59' title='bbox 697 1418 728 1478; x_wconf 71' lang='lat' dir='ltr'><strong><em>l.</em></strong></span> <span class='ocrx_word' id='word_1_60' title='bbox 753 1414 796 1478; x_wconf 72' lang='lat' dir='ltr'><strong><em>aab</em></strong></span> <span class='ocrx_word' id='word_1_61' title='bbox 825 1415 962 1494; x_wconf 68' lang='grc' dir='ltr'><strong><em>βιβλὶκ,</em></strong></span> <span class='ocrx_word' id='word_1_62' title='bbox 993 1411 1053 1480; x_wconf 77' lang='lat' dir='ltr'><strong><em>i&#39;aao</em></strong></span> <span class='ocrx_word' id='word_1_63' title='bbox 1077 1414 1091 1478; x_wconf 84' lang='lat' dir='ltr'><strong><em>d</em></strong></span> <span class='ocrx_word' id='word_1_64' title='bbox 1114 1414 1250 1493; x_wconf 70' lang='grc' dir='ltr'><strong><em>ἆοῶιμος</em></strong></span> <span class='ocrx_word' id='word_1_65' title='bbox 1277 1421 1421 1492; x_wconf 74' lang='grc' dir='ltr'><strong><em>Ἀττικὸς</em></strong></span> <span class='ocrx_word' id='word_1_66' title='bbox 1444 1423 1500 1489; x_wconf 78' lang='grc' dir='ltr'><strong><em>σὺν</em></strong></span> 
     </span>
     <span class='ocr_line' id='line_1_9' title="bbox 310 1517 1499 1614; baseline 0.004 -25"><span class='ocrx_word' id='word_1_67' title='bbox 310 1523 479 1608; x_wconf 70' lang='grc' dir='ltr'><em>ἐπιμελείᾳ</em></span> <span class='ocrx_word' id='word_1_68' title='bbox 505 1532 545 1606; x_wconf 72' lang='grc' dir='ltr'><strong><em>τῇ</em></strong></span> <span class='ocrx_word' id='word_1_69' title='bbox 577 1520 665 1603; x_wconf 68' lang='grc' dir='ltr'><strong><em>πάσῃ</em></strong></span> <span class='ocrx_word' id='word_1_70' title='bbox 696 1517 838 1600; x_wconf 65' lang='grc' dir='ltr'><strong><em>ἔγραψεν</em></strong></span> <span class='ocrx_word' id='word_1_71' title='bbox 872 1518 913 1586; x_wconf 87' lang='lat' dir='ltr'><strong><em>cl.</em></strong></span> <span class='ocrx_word' id='word_1_72' title='bbox 938 1518 962 1609; x_wconf 76' lang='lat'>§</span> <span class='ocrx_word' id='word_1_73' title='bbox 985 1524 1038 1585; x_wconf 75' lang='grc'><strong><em>24.</em></strong></span> <span class='ocrx_word' id='word_1_74' title='bbox 1085 1518 1122 1583; x_wconf 92' lang='lat' dir='ltr'><strong><em>lu</em></strong></span> <span class='ocrx_word' id='word_1_75' title='bbox 1146 1518 1347 1589; x_wconf 87' lang='lat' dir='ltr'><strong><em>Praelatione</em></strong></span> <span class='ocrx_word' id='word_1_76' title='bbox 1368 1526 1499 1614; x_wconf 79' lang='lat' dir='ltr'><strong><em>collegit</em></strong></span> 
     </span>
     <span class='ocr_line' id='line_1_10' title="bbox 312 1623 1501 1711; baseline 0.003 -16"><span class='ocrx_word' id='word_1_77' title='bbox 312 1630 496 1696; x_wconf 85' lang='lat' dir='ltr'><strong><em>llrsoourms</em></strong></span> <span class='ocrx_word' id='word_1_78' title='bbox 520 1646 561 1693; x_wconf 84' lang='lat' dir='ltr'><strong><em>ex</em></strong></span> <span class='ocrx_word' id='word_1_79' title='bbox 583 1623 735 1692; x_wconf 88' lang='lat' dir='ltr'><strong><em>tenuibus</em></strong></span> <span class='ocrx_word' id='word_1_80' title='bbox 755 1623 948 1711; x_wconf 88' lang='lat' dir='ltr'><strong><em>quibusdam</em></strong></span> <span class='ocrx_word' id='word_1_81' title='bbox 974 1623 1103 1690; x_wconf 87' lang='lat' dir='ltr'><strong><em>indiciis</em></strong></span> <span class='ocrx_word' id='word_1_82' title='bbox 1128 1642 1202 1689; x_wconf 93' lang='lat' dir='ltr'><strong><em>cum</em></strong></span> <span class='ocrx_word' id='word_1_83' title='bbox 1229 1625 1395 1695; x_wconf 84' lang='lat' dir='ltr'><strong><em>Atticianis</em></strong></span> <span class='ocrx_word' id='word_1_84' title='bbox 1426 1652 1501 1698; x_wconf 83' lang='lat' dir='ltr'><strong><em>ron·</em></strong></span> 
     </span>
     <span class='ocr_line' id='line_1_11' title="bbox 310 1729 1499 1821; baseline 0.003 -23"><span class='ocrx_word' id='word_1_85' title='bbox 310 1735 434 1821; x_wconf 87' lang='lat' dir='ltr'><strong><em>spirare</em></strong></span> <span class='ocrx_word' id='word_1_86' title='bbox 456 1734 578 1820; x_wconf 88' lang='lat' dir='ltr'><strong><em>optima</em></strong></span> <span class='ocrx_word' id='word_1_87' title='bbox 598 1748 743 1817; x_wconf 87' lang='lat' dir='ltr'><strong><em>quaeque</em></strong></span> <span class='ocrx_word' id='word_1_88' title='bbox 762 1729 977 1816; x_wconf 85' lang='lat' dir='ltr'><strong><em>exemplaria,</em></strong></span> <span class='ocrx_word' id='word_1_89' title='bbox 997 1749 1079 1816; x_wconf 90' lang='lat' dir='ltr'><strong><em>quac</em></strong></span> <span class='ocrx_word' id='word_1_90' title='bbox 1098 1735 1235 1794; x_wconf 89' lang='lat' dir='ltr'><strong><em>aetatem</em></strong></span> <span class='ocrx_word' id='word_1_91' title='bbox 1255 1731 1410 1812; x_wconf 88' lang='lat' dir='ltr'><strong><em>tulerint,</em></strong></span> <span class='ocrx_word' id='word_1_92' title='bbox 1436 1757 1499 1802; x_wconf 91' lang='lat' dir='ltr'><strong><em>uon</em></strong></span> 
     </span>
     <span class='ocr_line' id='line_1_12' title="bbox 311 1833 1498 1924; baseline 0.005 -20"><span class='ocrx_word' id='word_1_93' title='bbox 311 1837 537 1904; x_wconf 79' lang='lat' dir='ltr'><strong><em>animadvertit</em></strong></span> <span class='ocrx_word' id='word_1_94' title='bbox 572 1837 605 1901; x_wconf 92' lang='lat' dir='ltr'><strong><em>in</em></strong></span> <span class='ocrx_word' id='word_1_95' title='bbox 636 1833 744 1902; x_wconf 91' lang='lat' dir='ltr'><strong><em>codice</em></strong></span> <span class='ocrx_word' id='word_1_96' title='bbox 773 1834 1000 1900; x_wconf 87' lang='lat' dir='ltr'><strong><em>BMonacensi</em></strong></span> <span class='ocrx_word' id='word_1_97' title='bbox 1031 1834 1099 1924; x_wconf 92' lang='lat' dir='ltr'><strong><em>(qui</em></strong></span> <span class='ocrx_word' id='word_1_98' title='bbox 1130 1833 1310 1921; x_wconf 85' lang='lat' dir='ltr'><strong><em>descriptus</em></strong></span> <span class='ocrx_word' id='word_1_99' title='bbox 1337 1848 1385 1906; x_wconf 87' lang='lat' dir='ltr'><strong><em>est</em></strong></span> <span class='ocrx_word' id='word_1_100' title='bbox 1409 1843 1498 1910; x_wconf 75' lang='lat' dir='ltr'><strong><em>eall</em></strong></span> 
     </span>
     <span class='ocr_line' id='line_1_13' title="bbox 311 1938 1499 2029; baseline -0.008 -19"><span class='ocrx_word' id='word_1_101' title='bbox 311 1942 470 2010; x_wconf 81' lang='lat' dir='ltr'><strong><em>Marciano</em></strong></span> <span class='ocrx_word' id='word_1_102' title='bbox 497 1940 620 2029; x_wconf 86' lang='lat' dir='ltr'><strong><em>Veneto)</em></strong></span> <span class='ocrx_word' id='word_1_103' title='bbox 648 1941 678 2005; x_wconf 92' lang='lat' dir='ltr'><strong><em>in</em></strong></span> <span class='ocrx_word' id='word_1_104' title='bbox 705 1938 767 2004; x_wconf 85' lang='lat' dir='ltr'><strong><em>line</em></strong></span> <span class='ocrx_word' id='word_1_105' title='bbox 790 1940 945 2006; x_wconf 86' lang='lat' dir='ltr'><strong><em>orationis</em></strong></span> <span class='ocrx_word' id='word_1_106' title='bbox 968 1940 1117 2022; x_wconf 71' lang='lat' dir='ltr'><strong><em>repleris</em></strong></span> <span class='ocrx_word' id='word_1_107' title='bbox 1139 1940 1284 2017; x_wconf 69' lang='lat' dir='ltr'><strong><em>tucconia</em></strong></span> <span class='ocrx_word' id='word_1_108' title='bbox 1307 1946 1362 2021; x_wconf 71' lang='lat' dir='ltr'><strong><em>alp</em></strong></span> <span class='ocrx_word' id='word_1_109' title='bbox 1387 1949 1461 2014; x_wconf 57' lang='lat' dir='ltr'><strong><em>cent</em></strong></span> <span class='ocrx_word' id='word_1_110' title='bbox 1488 1985 1499 2000; x_wconf 93' lang='lat'><strong><em>.</em></strong></span> 
     </span>
     <span class='ocr_line' id='line_1_14' title="bbox 310 2042 1499 2135; baseline 0.003 -20"><span class='ocrx_word' id='word_1_111' title='bbox 310 2072 369 2115; x_wconf 78' lang='lat' dir='ltr'><strong><em>aaa</em></strong></span> <span class='ocrx_word' id='word_1_112' title='bbox 387 2048 428 2114; x_wconf 93' lang='lat' dir='ltr'><strong><em>ad</em></strong></span> <span class='ocrx_word' id='word_1_113' title='bbox 453 2069 483 2135; x_wconf 87' lang='lat' dir='ltr'><strong><em>p.</em></strong></span> <span class='ocrx_word' id='word_1_114' title='bbox 504 2052 566 2114; x_wconf 80' lang='lat'><strong><em>158</em></strong></span> <span class='ocrx_word' id='word_1_115' title='bbox 585 2054 723 2111; x_wconf 90' lang='lat' dir='ltr'><strong><em>veterem</em></strong></span> <span class='ocrx_word' id='word_1_116' title='bbox 744 2043 1012 2131; x_wconf 85' lang='lat' dir='ltr'><strong><em>subscriptionem</em></strong></span> <span class='ocrx_word' id='word_1_117' title='bbox 1043 2042 1125 2110; x_wconf 91' lang='lat' dir='ltr'><strong><em>male</em></strong></span> <span class='ocrx_word' id='word_1_118' title='bbox 1145 2052 1176 2110; x_wconf 90' lang='lat' dir='ltr'><strong><em>et</em></strong></span> <span class='ocrx_word' id='word_1_119' title='bbox 1204 2046 1351 2133; x_wconf 90' lang='lat' dir='ltr'><strong><em>imperite</em></strong></span> <span class='ocrx_word' id='word_1_120' title='bbox 1379 2050 1499 2119; x_wconf 87' lang='lat' dir='ltr'><strong><em>descri-</em></strong></span> 
     </span>
     <span class='ocr_line' id='line_1_15' title="bbox 313 2147 1498 2242; baseline 0.006 -23"><span class='ocrx_word' id='word_1_121' title='bbox 313 2166 401 2242; x_wconf 90' lang='lat' dir='ltr'><strong><em>ptam</em></strong></span> <span class='ocrx_word' id='word_1_122' title='bbox 431 2153 476 2219; x_wconf 91' lang='lat' dir='ltr'><strong><em>ita</em></strong></span> <span class='ocrx_word' id='word_1_123' title='bbox 511 2171 580 2219; x_wconf 88' lang='lat' dir='ltr'><strong><em>esse</em></strong></span> <span class='ocrx_word' id='word_1_124' title='bbox 612 2147 794 2234; x_wconf 85' lang='lat' dir='ltr'><strong><em>legendam:</em></strong></span> <span class='ocrx_word' id='word_1_125' title='bbox 827 2150 969 2232; x_wconf 65' lang='lat' dir='ltr'><strong><em>inoptata</em></strong></span> <span class='ocrx_word' id='word_1_126' title='bbox 999 2152 1072 2234; x_wconf 76' lang='grc' dir='ltr'><strong><em>πρὸς</em></strong></span> <span class='ocrx_word' id='word_1_127' title='bbox 1095 2150 1147 2216; x_wconf 75' lang='lat' dir='ltr'><strong><em>ata</em></strong></span> <span class='ocrx_word' id='word_1_128' title='bbox 1179 2153 1387 2233; x_wconf 71' lang='lat' dir='ltr'><strong><em>’.lroaataooi,</em></strong></span> <span class='ocrx_word' id='word_1_129' title='bbox 1413 2157 1498 2226; x_wconf 88' lang='lat' dir='ltr'><strong><em>unde</em></strong></span> 
     </span>
     <span class='ocr_line' id='line_1_16' title="bbox 310 2254 1495 2346; baseline 0.003 -20"><span class='ocrx_word' id='word_1_130' title='bbox 310 2259 495 2346; x_wconf 83' lang='lat' dir='ltr'><strong><em>planissime</em></strong></span> <span class='ocrx_word' id='word_1_131' title='bbox 518 2257 730 2323; x_wconf 88' lang='lat' dir='ltr'><strong><em>coulirmatur</em></strong></span> <span class='ocrx_word' id='word_1_132' title='bbox 750 2255 835 2341; x_wconf 88' lang='lat' dir='ltr'><strong><em>quod</em></strong></span> <span class='ocrx_word' id='word_1_133' title='bbox 859 2254 988 2323; x_wconf 89' lang='lat' dir='ltr'><strong><em>aliunde</em></strong></span> <span class='ocrx_word' id='word_1_134' title='bbox 1009 2255 1190 2344; x_wconf 87' lang='lat' dir='ltr'><strong><em>collegerat.</em></strong></span> <span class='ocrx_word' id='word_1_135' title='bbox 1239 2256 1300 2323; x_wconf 89' lang='lat' dir='ltr'><strong><em>Sed</em></strong></span> <span class='ocrx_word' id='word_1_136' title='bbox 1324 2260 1495 2330; x_wconf 81' lang='lat' dir='ltr'><strong><em>(lodicibus</em></strong></span> 
     </span>
     <span class='ocr_line' id='line_1_17' title="bbox 309 2360 1497 2451; baseline 0.004 -21"><span class='ocrx_word' id='word_1_137' title='bbox 309 2383 436 2451; x_wconf 83' lang='lat' dir='ltr'><strong><em>quoque</em></strong></span> <span class='ocrx_word' id='word_1_138' title='bbox 464 2363 509 2430; x_wconf 91' lang='lat' dir='ltr'><strong><em>nil</em></strong></span> <span class='ocrx_word' id='word_1_139' title='bbox 530 2360 659 2450; x_wconf 90' lang='lat' dir='ltr'><strong><em>prodest</em></strong></span> <span class='ocrx_word' id='word_1_140' title='bbox 678 2368 845 2428; x_wconf 86' lang='lat' dir='ltr'><strong><em>auctorem</em></strong></span> <span class='ocrx_word' id='word_1_141' title='bbox 862 2362 989 2447; x_wconf 82' lang='lat' dir='ltr'><strong><em>generis</em></strong></span> <span class='ocrx_word' id='word_1_142' title='bbox 1016 2362 1154 2429; x_wconf 88' lang='lat' dir='ltr'><strong><em>nobilem</em></strong></span> <span class='ocrx_word' id='word_1_143' title='bbox 1179 2360 1295 2429; x_wconf 90' lang='lat' dir='ltr'><strong><em>hahere</em></strong></span> <span class='ocrx_word' id='word_1_144' title='bbox 1316 2366 1343 2430; x_wconf 88' lang='lat' dir='ltr'><strong><em>si</em></strong></span> <span class='ocrx_word' id='word_1_145' title='bbox 1366 2366 1406 2432; x_wconf 88' lang='lat' dir='ltr'><strong><em>ah</em></strong></span> <span class='ocrx_word' id='word_1_146' title='bbox 1426 2370 1497 2436; x_wconf 92' lang='lat' dir='ltr'><strong><em>eius</em></strong></span> 
     </span>
     <span class='ocr_line' id='line_1_18' title="bbox 307 2466 1494 2560; baseline 0.003 -24"><span class='ocrx_word' id='word_1_147' title='bbox 307 2468 483 2536; x_wconf 84' lang='lat' dir='ltr'><strong><em>virtutihus</em></strong></span> <span class='ocrx_word' id='word_1_148' title='bbox 504 2467 778 2553; x_wconf 84' lang='lat' dir='ltr'><strong><em>degeneraverint.</em></strong></span> <span class='ocrx_word' id='word_1_149' title='bbox 803 2466 1032 2552; x_wconf 86' lang='lat' dir='ltr'><strong><em>indignaretur</em></strong></span> <span class='ocrx_word' id='word_1_150' title='bbox 1051 2470 1203 2555; x_wconf 78' lang='lat' dir='ltr'><strong><em>Asnaus,</em></strong></span> <span class='ocrx_word' id='word_1_151' title='bbox 1228 2470 1253 2533; x_wconf 93' lang='lat' dir='ltr'><strong><em>si</em></strong></span> <span class='ocrx_word' id='word_1_152' title='bbox 1272 2470 1395 2538; x_wconf 90' lang='lat' dir='ltr'><strong><em>videret</em></strong></span> <span class='ocrx_word' id='word_1_153' title='bbox 1417 2494 1494 2560; x_wconf 89' lang='lat' dir='ltr'><strong><em>qua·</em></strong></span> 
     </span>
     <span class='ocr_line' id='line_1_19' title="bbox 307 2571 1494 2665; baseline 0.003 -23"><span class='ocrx_word' id='word_1_154' title='bbox 307 2575 354 2643; x_wconf 90' lang='lat' dir='ltr'><strong><em>les</em></strong></span> <span class='ocrx_word' id='word_1_155' title='bbox 387 2574 482 2641; x_wconf 88' lang='lat' dir='ltr'><strong><em>hodie</em></strong></span> <span class='ocrx_word' id='word_1_156' title='bbox 513 2573 586 2639; x_wconf 91' lang='lat' dir='ltr'><strong><em>libri</em></strong></span> <span class='ocrx_word' id='word_1_157' title='bbox 616 2593 674 2660; x_wconf 92' lang='lat' dir='ltr'><strong><em>pro</em></strong></span> <span class='ocrx_word' id='word_1_158' title='bbox 704 2573 836 2659; x_wconf 89' lang='lat' dir='ltr'><strong><em>optimis</em></strong></span> <span class='ocrx_word' id='word_1_159' title='bbox 862 2571 1042 2639; x_wconf 88' lang='lat' dir='ltr'><strong><em>habeantur</em></strong></span> <span class='ocrx_word' id='word_1_160' title='bbox 1071 2582 1104 2641; x_wconf 88' lang='lat' dir='ltr'><strong><em>et</em></strong></span> <span class='ocrx_word' id='word_1_161' title='bbox 1135 2575 1176 2642; x_wconf 93' lang='lat' dir='ltr'><strong><em>ad</em></strong></span> <span class='ocrx_word' id='word_1_162' title='bbox 1206 2594 1264 2642; x_wconf 90' lang='lat' dir='ltr'><strong><em>sua</em></strong></span> <span class='ocrx_word' id='word_1_163' title='bbox 1299 2579 1494 2665; x_wconf 83' lang='lat' dir='ltr'><strong><em>exemplaria</em></strong></span> 
     </span>
     <span class='ocr_line' id='line_1_20' title="bbox 309 2677 1487 2771; baseline 0.003 -23"><span class='ocrx_word' id='word_1_164' title='bbox 309 2681 414 2748; x_wconf 84' lang='lat' dir='ltr'><strong><em>exacti</em></strong></span> <span class='ocrx_word' id='word_1_165' title='bbox 438 2687 470 2747; x_wconf 88' lang='lat' dir='ltr'><strong><em>et</em></strong></span> <span class='ocrx_word' id='word_1_166' title='bbox 499 2679 637 2745; x_wconf 91' lang='lat' dir='ltr'><strong><em>correcti</em></strong></span> <span class='ocrx_word' id='word_1_167' title='bbox 672 2699 742 2746; x_wconf 91' lang='lat' dir='ltr'><strong><em>esse</em></strong></span> <span class='ocrx_word' id='word_1_168' title='bbox 776 2677 936 2744; x_wconf 87' lang='lat' dir='ltr'><strong><em>dicantur.</em></strong></span> <span class='ocrx_word' id='word_1_169' title='bbox 985 2677 1115 2746; x_wconf 86' lang='lat' dir='ltr'><strong><em>Videret</em></strong></span> <span class='ocrx_word' id='word_1_170' title='bbox 1149 2682 1272 2746; x_wconf 88' lang='lat' dir='ltr'><strong><em>vitiosis</em></strong></span> <span class='ocrx_word' id='word_1_171' title='bbox 1304 2689 1335 2745; x_wconf 90' lang='lat' dir='ltr'><strong><em>et</em></strong></span> <span class='ocrx_word' id='word_1_172' title='bbox 1368 2684 1487 2771; x_wconf 90' lang='lat' dir='ltr'><strong><em>ineptis</em></strong></span> 
     </span>
     <span class='ocr_line' id='line_1_21' title="bbox 307 2781 1490 2876; baseline 0.003 -23"><span class='ocrx_word' id='word_1_173' title='bbox 307 2784 480 2872; x_wconf 88' lang='lat' dir='ltr'><strong><em>scripturis</em></strong></span> <span class='ocrx_word' id='word_1_174' title='bbox 491 2791 524 2849; x_wconf 88' lang='lat' dir='ltr'><strong><em>et</em></strong></span> <span class='ocrx_word' id='word_1_175' title='bbox 545 2785 742 2850; x_wconf 89' lang='lat' dir='ltr'><strong><em>soloecismis</em></strong></span> <span class='ocrx_word' id='word_1_176' title='bbox 758 2783 895 2859; x_wconf 87' lang='lat' dir='ltr'><strong><em>obsitos,</em></strong></span> <span class='ocrx_word' id='word_1_177' title='bbox 913 2781 1027 2849; x_wconf 88' lang='lat' dir='ltr'><strong><em>deinde</em></strong></span> <span class='ocrx_word' id='word_1_178' title='bbox 1043 2795 1262 2853; x_wconf 90' lang='lat' dir='ltr'><strong><em>correctorum</em></strong></span> <span class='ocrx_word' id='word_1_179' title='bbox 1280 2806 1375 2854; x_wconf 91' lang='lat' dir='ltr'><strong><em>omne</em></strong></span> <span class='ocrx_word' id='word_1_180' title='bbox 1387 2809 1490 2876; x_wconf 86' lang='lat' dir='ltr'><strong><em>genus</em></strong></span> 
     </span>
     <span class='ocr_line' id='line_1_22' title="bbox 304 2888 1491 2975; baseline 0.003 -18"><span class='ocrx_word' id='word_1_181' title='bbox 304 2891 435 2957; x_wconf 87' lang='lat' dir='ltr'><strong><em>levitate</em></strong></span> <span class='ocrx_word' id='word_1_182' title='bbox 463 2897 494 2955; x_wconf 91' lang='lat' dir='ltr'><strong><em>et</em></strong></span> <span class='ocrx_word' id='word_1_183' title='bbox 520 2891 701 2956; x_wconf 89' lang='lat' dir='ltr'><strong><em>temeritate</em></strong></span> <span class='ocrx_word' id='word_1_184' title='bbox 724 2888 952 2975; x_wconf 89' lang='lat' dir='ltr'><strong><em>interpolatos,</em></strong></span> <span class='ocrx_word' id='word_1_185' title='bbox 983 2890 1106 2959; x_wconf 87' lang='lat' dir='ltr'><strong><em>videret</em></strong></span> <span class='ocrx_word' id='word_1_186' title='bbox 1130 2893 1348 2959; x_wconf 90' lang='lat' dir='ltr'><strong><em>additamenta</em></strong></span> <span class='ocrx_word' id='word_1_187' title='bbox 1379 2895 1491 2961; x_wconf 88' lang='lat' dir='ltr'><strong><em>sciolo·</em></strong></span> 
     </span>
     <span class='ocr_line' id='line_1_23' title="bbox 306 2994 1490 3084; baseline 0.004 -21"><span class='ocrx_word' id='word_1_188' title='bbox 306 3014 381 3063; x_wconf 91' lang='lat' dir='ltr'><strong><em>rum</em></strong></span> <span class='ocrx_word' id='word_1_189' title='bbox 403 2994 523 3082; x_wconf 88' lang='lat' dir='ltr'><strong><em>passim</em></strong></span> <span class='ocrx_word' id='word_1_190' title='bbox 545 2994 744 3074; x_wconf 87' lang='lat' dir='ltr'><strong><em>adhaesisse,</em></strong></span> <span class='ocrx_word' id='word_1_191' title='bbox 769 2996 1055 3080; x_wconf 88' lang='lat' dir='ltr'><strong><em>interpretamenta</em></strong></span> <span class='ocrx_word' id='word_1_192' title='bbox 1078 2999 1239 3065; x_wconf 91' lang='lat' dir='ltr'><strong><em>inlocum</em></strong></span> <span class='ocrx_word' id='word_1_193' title='bbox 1263 2999 1424 3084; x_wconf 87' lang='lat' dir='ltr'><strong><em>genuinae</em></strong></span> <span class='ocrx_word' id='word_1_194' title='bbox 1449 3001 1490 3068; x_wconf 90' lang='lat' dir='ltr'><strong><em>le·</em></strong></span> 
     </span>
     <span class='ocr_line' id='line_1_24' title="bbox 307 3099 1493 3190; baseline 0.003 -23"><span class='ocrx_word' id='word_1_195' title='bbox 307 3100 423 3167; x_wconf 88' lang='lat' dir='ltr'><strong><em>ctionis</em></strong></span> <span class='ocrx_word' id='word_1_196' title='bbox 456 3099 643 3185; x_wconf 89' lang='lat' dir='ltr'><strong><em>irrepsisse,</em></strong></span> <span class='ocrx_word' id='word_1_197' title='bbox 677 3099 807 3185; x_wconf 87' lang='lat' dir='ltr'><strong><em>linguae</em></strong></span> <span class='ocrx_word' id='word_1_198' title='bbox 833 3099 985 3184; x_wconf 90' lang='lat' dir='ltr'><strong><em>antiquae</em></strong></span> <span class='ocrx_word' id='word_1_199' title='bbox 1013 3099 1133 3168; x_wconf 84' lang='lat' dir='ltr'><strong><em>Atticae</em></strong></span> <span class='ocrx_word' id='word_1_200' title='bbox 1159 3123 1251 3169; x_wconf 90' lang='lat' dir='ltr'><strong><em>usum</em></strong></span> <span class='ocrx_word' id='word_1_201' title='bbox 1286 3104 1318 3167; x_wconf 93' lang='lat' dir='ltr'><strong><em>in</em></strong></span> <span class='ocrx_word' id='word_1_202' title='bbox 1341 3103 1493 3190; x_wconf 91' lang='lat' dir='ltr'><strong><em>plurimis</em></strong></span> 
     </span>
     <span class='ocr_line' id='line_1_25' title="bbox 302 3203 1487 3295; baseline 0.003 -23"><span class='ocrx_word' id='word_1_203' title='bbox 302 3204 451 3273; x_wconf 84' lang='lat' dir='ltr'><strong><em>reticmm</em></strong></span> <span class='ocrx_word' id='word_1_204' title='bbox 473 3203 513 3269; x_wconf 88' lang='lat' dir='ltr'><strong><em>ad</em></strong></span> <span class='ocrx_word' id='word_1_205' title='bbox 544 3205 756 3271; x_wconf 82' lang='lat' dir='ltr'><strong><em>recentiorem</em></strong></span> <span class='ocrx_word' id='word_1_206' title='bbox 783 3204 1073 3285; x_wconf 87' lang='lat' dir='ltr'><strong><em>cousuetudinem,</em></strong></span> <span class='ocrx_word' id='word_1_207' title='bbox 1093 3208 1340 3295; x_wconf 86' lang='lat' dir='ltr'><strong><em>orthographiae</em></strong></span> <span class='ocrx_word' id='word_1_208' title='bbox 1365 3209 1487 3276; x_wconf 91' lang='lat' dir='ltr'><strong><em>nullam</em></strong></span> 
     </span>
     <span class='ocr_line' id='line_1_26' title="bbox 304 3308 1490 3401; baseline 0.003 -24"><span class='ocrx_word' id='word_1_209' title='bbox 304 3318 425 3377; x_wconf 86' lang='lat' dir='ltr'><strong><em>certam</em></strong></span> <span class='ocrx_word' id='word_1_210' title='bbox 450 3310 608 3376; x_wconf 88' lang='lat' dir='ltr'><strong><em>rationem</em></strong></span> <span class='ocrx_word' id='word_1_211' title='bbox 628 3319 793 3387; x_wconf 88' lang='lat' dir='ltr'><strong><em>constare,</em></strong></span> <span class='ocrx_word' id='word_1_212' title='bbox 816 3308 954 3396; x_wconf 90' lang='lat' dir='ltr'><strong><em>denique</em></strong></span> <span class='ocrx_word' id='word_1_213' title='bbox 980 3310 1080 3378; x_wconf 91' lang='lat' dir='ltr'><strong><em>multa</em></strong></span> <span class='ocrx_word' id='word_1_214' title='bbox 1103 3334 1173 3380; x_wconf 88' lang='lat' dir='ltr'><strong><em>esse</em></strong></span> <span class='ocrx_word' id='word_1_215' title='bbox 1197 3321 1339 3379; x_wconf 88' lang='lat' dir='ltr'><strong><em>monstra</em></strong></span> <span class='ocrx_word' id='word_1_216' title='bbox 1363 3322 1396 3379; x_wconf 88' lang='lat' dir='ltr'><strong><em>et</em></strong></span> <span class='ocrx_word' id='word_1_217' title='bbox 1420 3334 1490 3401; x_wconf 91' lang='lat' dir='ltr'><strong><em>por-</em></strong></span> 
     </span>
     <span class='ocr_line' id='line_1_27' title="bbox 305 3415 1491 3505; baseline 0.003 -23"><span class='ocrx_word' id='word_1_218' title='bbox 305 3424 395 3483; x_wconf 88' lang='lat' dir='ltr'><strong><em>tenta</em></strong></span> <span class='ocrx_word' id='word_1_219' title='bbox 416 3415 665 3495; x_wconf 89' lang='lat' dir='ltr'><strong><em>vocabulorum,</em></strong></span> <span class='ocrx_word' id='word_1_220' title='bbox 692 3416 832 3505; x_wconf 83' lang='lat' dir='ltr'><strong><em>syllabas</em></strong></span> <span class='ocrx_word' id='word_1_221' title='bbox 854 3436 949 3482; x_wconf 89' lang='lat' dir='ltr'><strong><em>sensu</em></strong></span> <span class='ocrx_word' id='word_1_222' title='bbox 978 3437 1118 3494; x_wconf 89' lang='lat' dir='ltr'><strong><em>vacuas,</em></strong></span> <span class='ocrx_word' id='word_1_223' title='bbox 1144 3429 1266 3486; x_wconf 90' lang='lat' dir='ltr'><strong><em>temere</em></strong></span> <span class='ocrx_word' id='word_1_224' title='bbox 1291 3419 1429 3504; x_wconf 88' lang='lat' dir='ltr'><strong><em>scriptas</em></strong></span> <span class='ocrx_word' id='word_1_225' title='bbox 1452 3421 1491 3486; x_wconf 92' lang='lat' dir='ltr'><strong><em>ab</em></strong></span> 
     </span>
     <span class='ocr_line' id='line_1_28' title="bbox 305 3521 1492 3611; baseline 0.004 -23"><span class='ocrx_word' id='word_1_226' title='bbox 305 3522 369 3588; x_wconf 92' lang='lat' dir='ltr'><strong><em>illis</em></strong></span> <span class='ocrx_word' id='word_1_227' title='bbox 393 3524 449 3609; x_wconf 90' lang='lat' dir='ltr'><strong><em>qui</em></strong></span> <span class='ocrx_word' id='word_1_228' title='bbox 472 3542 554 3609; x_wconf 86' lang='lat' dir='ltr'><strong><em>quac</em></strong></span> <span class='ocrx_word' id='word_1_229' title='bbox 574 3521 797 3588; x_wconf 89' lang='lat' dir='ltr'><strong><em>describebant</em></strong></span> <span class='ocrx_word' id='word_1_230' title='bbox 822 3542 926 3608; x_wconf 89' lang='lat' dir='ltr'><strong><em>neque</em></strong></span> <span class='ocrx_word' id='word_1_231' title='bbox 949 3522 1170 3609; x_wconf 87' lang='lat' dir='ltr'><strong><em>intelligebant</em></strong></span> <span class='ocrx_word' id='word_1_232' title='bbox 1194 3546 1297 3611; x_wconf 90' lang='lat' dir='ltr'><strong><em>neque</em></strong></span> <span class='ocrx_word' id='word_1_233' title='bbox 1317 3526 1397 3593; x_wconf 89' lang='lat' dir='ltr'><strong><em>adeo</em></strong></span> <span class='ocrx_word' id='word_1_234' title='bbox 1413 3529 1492 3593; x_wconf 91' lang='lat' dir='ltr'><strong><em>satis</em></strong></span> 
     </span>
     <span class='ocr_line' id='line_1_29' title="bbox 303 3625 1489 3714; baseline 0.007 -20"><span class='ocrx_word' id='word_1_235' title='bbox 303 3627 488 3695; x_wconf 88' lang='lat' dir='ltr'><strong><em>cernebant.</em></strong></span> <span class='ocrx_word' id='word_1_236' title='bbox 534 3625 639 3708; x_wconf 83' lang='lat' dir='ltr'><strong><em>Quum</em></strong></span> <span class='ocrx_word' id='word_1_237' title='bbox 666 3625 751 3693; x_wconf 92' lang='lat' dir='ltr'><strong><em>haud</em></strong></span> <span class='ocrx_word' id='word_1_238' title='bbox 772 3629 817 3692; x_wconf 87' lang='lat' dir='ltr'><strong><em>ita</em></strong></span> <span class='ocrx_word' id='word_1_239' title='bbox 843 3627 966 3714; x_wconf 89' lang='lat' dir='ltr'><strong><em>pridem</em></strong></span> <span class='ocrx_word' id='word_1_240' title='bbox 987 3628 1092 3714; x_wconf 92' lang='lat' dir='ltr'><strong><em>ipsum</em></strong></span> <span class='ocrx_word' id='word_1_241' title='bbox 1122 3628 1241 3696; x_wconf 88' lang='lat' dir='ltr'><strong><em>librum</em></strong></span> <span class='ocrx_word' id='word_1_242' title='bbox 1263 3631 1400 3698; x_wconf 88' lang='lat' dir='ltr'><strong><em>Parisiis</em></strong></span> <span class='ocrx_word' id='word_1_243' title='bbox 1419 3653 1489 3703; x_wconf 85' lang='lat' dir='ltr'><strong><em>ver-¹</em></strong></span> 
     </span>
     <span class='ocr_line' id='line_1_30' title="bbox 303 3730 1490 3826; baseline 0.005 -27"><span class='ocrx_word' id='word_1_244' title='bbox 303 3753 430 3810; x_wconf 85' lang='lat' dir='ltr'><strong><em>sarem,</em></strong></span> <span class='ocrx_word' id='word_1_245' title='bbox 457 3740 612 3799; x_wconf 87' lang='lat' dir='ltr'><strong><em>unumst</em></strong></span> <span class='ocrx_word' id='word_1_246' title='bbox 643 3730 780 3796; x_wconf 88' lang='lat' dir='ltr'><strong><em>alterum</em></strong></span> <span class='ocrx_word' id='word_1_247' title='bbox 807 3730 913 3798; x_wconf 91' lang='lat' dir='ltr'><strong><em>locum</em></strong></span> <span class='ocrx_word' id='word_1_248' title='bbox 938 3731 1183 3817; x_wconf 85' lang='lat' dir='ltr'><strong><em>diligentissime</em></strong></span> <span class='ocrx_word' id='word_1_249' title='bbox 1209 3736 1385 3825; x_wconf 88' lang='lat' dir='ltr'><strong><em>descripsi,</em></strong></span> <span class='ocrx_word' id='word_1_250' title='bbox 1414 3760 1490 3826; x_wconf 88' lang='lat' dir='ltr'><strong><em>qua·</em></strong></span> 
     </span>
     <span class='ocr_line' id='line_1_31' title="bbox 305 3834 1487 3925; baseline 0.008 -24"><span class='ocrx_word' id='word_1_251' title='bbox 305 3856 378 3902; x_wconf 92' lang='lat' dir='ltr'><strong><em>rum</em></strong></span> <span class='ocrx_word' id='word_1_252' title='bbox 404 3855 505 3902; x_wconf 91' lang='lat' dir='ltr'><strong><em>unum</em></strong></span> <span class='ocrx_word' id='word_1_253' title='bbox 521 3835 650 3901; x_wconf 89' lang='lat' dir='ltr'><strong><em>lectoris</em></strong></span> <span class='ocrx_word' id='word_1_254' title='bbox 664 3834 765 3902; x_wconf 88' lang='lat' dir='ltr'><strong><em>oeulis</em></strong></span> <span class='ocrx_word' id='word_1_255' title='bbox 787 3835 974 3914; x_wconf 87' lang='lat' dir='ltr'><strong><em>subiiciam,</em></strong></span> <span class='ocrx_word' id='word_1_256' title='bbox 997 3840 1106 3925; x_wconf 88' lang='lat' dir='ltr'><strong><em>utqui</em></strong></span> <span class='ocrx_word' id='word_1_257' title='bbox 1125 3840 1388 3910; x_wconf 89' lang='lat' dir='ltr'><strong><em>se-lihrariornm</em></strong></span> <span class='ocrx_word' id='word_1_258' title='bbox 1413 3844 1487 3911; x_wconf 87' lang='lat' dir='ltr'><strong><em>fidei</em></strong></span> 
     </span>
     <span class='ocr_line' id='line_1_32' title="bbox 302 3941 1485 4035; baseline 0.01 -30"><span class='ocrx_word' id='word_1_259' title='bbox 302 3941 512 4005; x_wconf 88' lang='lat' dir='ltr'><strong><em>committunt</em></strong></span> <span class='ocrx_word' id='word_1_260' title='bbox 538 3941 642 4006; x_wconf 89' lang='lat' dir='ltr'><strong><em>sciant</em></strong></span> <span class='ocrx_word' id='word_1_261' title='bbox 665 3961 762 4026; x_wconf 91' lang='lat' dir='ltr'><strong><em>quam</em></strong></span> <span class='ocrx_word' id='word_1_262' title='bbox 781 3941 910 4006; x_wconf 88' lang='lat' dir='ltr'><strong><em>infirmo</em></strong></span> <span class='ocrx_word' id='word_1_263' title='bbox 928 3942 1059 4010; x_wconf 86' lang='lat' dir='ltr'><strong><em>tibicine</em></strong></span> <span class='ocrx_word' id='word_1_264' title='bbox 1077 3946 1236 4016; x_wconf 89' lang='lat' dir='ltr'><strong><em>nitantur.</em></strong></span> <span class='ocrx_word' id='word_1_265' title='bbox 1284 3947 1485 4035; x_wconf 87' lang='lat' dir='ltr'><strong><em>Subiungam</em></strong></span> 
     </span>
     <span class='ocr_line' id='line_1_33' title="bbox 301 4043 1487 4137; baseline 0.01 -26"><span class='ocrx_word' id='word_1_266' title='bbox 301 4052 426 4131; x_wconf 88' lang='lat' dir='ltr'><strong><em>partem</em></strong></span> <span class='ocrx_word' id='word_1_267' title='bbox 453 4043 574 4110; x_wconf 90' lang='lat' dir='ltr'><strong><em>decreti</em></strong></span> <span class='ocrx_word' id='word_1_268' title='bbox 597 4043 867 4130; x_wconf 76' lang='lat' dir='ltr'><strong><em>Bpsaostinorom,</em></strong></span> <span class='ocrx_word' id='word_1_269' title='bbox 889 4047 973 4134; x_wconf 80' lang='lat' dir='ltr'><strong><em>qrtod</em></strong></span> <span class='ocrx_word' id='word_1_270' title='bbox 993 4047 1192 4137; x_wconf 87' lang='lat' dir='ltr'><strong><em>adscriptum</em></strong></span> <span class='ocrx_word' id='word_1_271' title='bbox 1216 4062 1265 4119; x_wconf 90' lang='lat' dir='ltr'><strong><em>est</em></strong></span> <span class='ocrx_word' id='word_1_272' title='bbox 1287 4055 1319 4119; x_wconf 93' lang='lat' dir='ltr'><strong><em>in</em></strong></span> <span class='ocrx_word' id='word_1_273' title='bbox 1341 4056 1487 4125; x_wconf 89' lang='lat' dir='ltr'><strong><em>oratioue</em></strong></span> 
     </span>
     <span class='ocr_line' id='line_1_34' title="bbox 302 4149 706 4236; baseline 0.007 -21"><span class='ocrx_word' id='word_1_274' title='bbox 302 4149 342 4215; x_wconf 86' lang='lat' dir='ltr'><strong><em>de</em></strong></span> <span class='ocrx_word' id='word_1_275' title='bbox 368 4149 484 4217; x_wconf 76' lang='grc' dir='ltr'><em>θονοηα</em></span> <span class='ocrx_word' id='word_1_276' title='bbox 506 4169 579 4236; x_wconf 88' lang='lat' dir='ltr'><strong><em>pag.</em></strong></span> <span class='ocrx_word' id='word_1_277' title='bbox 599 4154 706 4218; x_wconf 66' lang='lat'>255¹:</span> 
     </span>
    </p>
   </div>
   <div class='ocr_carea' id='block_1_3' title="bbox 320 4306 557 4323">
    <p class='ocr_par' dir='ltr' id='par_1_3' title="bbox 320 4306 557 4323">
     <span class='ocr_line' id='line_1_35' title="bbox 320 4306 557 4323; baseline -0.004 -3"><span class='ocrx_word' id='word_1_278' title='bbox 320 4306 557 4323; x_wconf 69' lang='grc' dir='ltr'><strong><em>-μ--ι--ι-</em></strong></span> 
     </span>
    </p>
   </div>
   <div class='ocr_carea' id='block_1_4' title="bbox 295 4388 1486 4797">
    <p class='ocr_par' dir='ltr' id='par_1_4' title="bbox 295 4388 1486 4797">
     <span class='ocr_line' id='line_1_36' title="bbox 341 4388 1486 4474; baseline 0.013 -27"><span class='ocrx_word' id='word_1_279' title='bbox 341 4388 363 4469; x_wconf 80' lang='lat'><strong><em>¹)</em></strong></span> <span class='ocrx_word' id='word_1_280' title='bbox 385 4400 415 4449; x_wconf 87' lang='lat' dir='ltr'><strong><em>ln</em></strong></span> <span class='ocrx_word' id='word_1_281' title='bbox 435 4399 476 4449; x_wconf 86' lang='lat' dir='ltr'><strong><em>his</em></strong></span> <span class='ocrx_word' id='word_1_282' title='bbox 498 4400 691 4465; x_wconf 84' lang='lat' dir='ltr'><strong><em>diligentissime</em></strong></span> <span class='ocrx_word' id='word_1_283' title='bbox 711 4404 807 4454; x_wconf 82' lang='lat' dir='ltr'><strong><em>Codicis</em></strong></span> <span class='ocrx_word' id='word_1_284' title='bbox 835 4405 958 4455; x_wconf 86' lang='lat' dir='ltr'><strong><em>lectiones</em></strong></span> <span class='ocrx_word' id='word_1_285' title='bbox 978 4407 1100 4470; x_wconf 78' lang='lat' dir='ltr'><strong><em>exhibui,</em></strong></span> <span class='ocrx_word' id='word_1_286' title='bbox 1130 4408 1270 4473; x_wconf 86' lang='lat' dir='ltr'><strong><em>scripturae</em></strong></span> <span class='ocrx_word' id='word_1_287' title='bbox 1291 4426 1393 4474; x_wconf 81' lang='lat' dir='ltr'><strong><em>genus,</em></strong></span> <span class='ocrx_word' id='word_1_288' title='bbox 1420 4412 1486 4462; x_wconf 87' lang='lat' dir='ltr'><strong><em>litte·</em></strong></span> 
     </span>
     <span class='ocr_line' id='line_1_37' title="bbox 297 4480 1483 4552; baseline 0.01 -21"><span class='ocrx_word' id='word_1_289' title='bbox 297 4496 383 4531; x_wconf 79' lang='lat' dir='ltr'><strong><em>rurum</em></strong></span> <span class='ocrx_word' id='word_1_290' title='bbox 402 4480 493 4531; x_wconf 80' lang='lat' dir='ltr'><strong><em>formas</em></strong></span> <span class='ocrx_word' id='word_1_291' title='bbox 514 4487 541 4530; x_wconf 86' lang='lat' dir='ltr'><strong><em>et</em></strong></span> <span class='ocrx_word' id='word_1_292' title='bbox 559 4489 710 4533; x_wconf 86' lang='lat' dir='ltr'><strong><em>accentuum</em></strong></span> <span class='ocrx_word' id='word_1_293' title='bbox 731 4491 758 4534; x_wconf 86' lang='lat' dir='ltr'><strong><em>et</em></strong></span> <span class='ocrx_word' id='word_1_294' title='bbox 775 4486 909 4551; x_wconf 84' lang='lat' dir='ltr'><strong><em>spirituum</em></strong></span> <span class='ocrx_word' id='word_1_295' title='bbox 930 4502 981 4535; x_wconf 92' lang='lat' dir='ltr'><strong><em>non</em></strong></span> <span class='ocrx_word' id='word_1_296' title='bbox 1006 4488 1077 4552; x_wconf 90' lang='lat' dir='ltr'><strong><em>potui</em></strong></span> <span class='ocrx_word' id='word_1_297' title='bbox 1100 4486 1236 4551; x_wconf 86' lang='lat' dir='ltr'><strong><em>exhihere,</em></strong></span> <span class='ocrx_word' id='word_1_298' title='bbox 1263 4491 1358 4539; x_wconf 86' lang='lat' dir='ltr'><strong><em>retinui</em></strong></span> <span class='ocrx_word' id='word_1_299' title='bbox 1386 4498 1483 4543; x_wconf 72' lang='lat' dir='ltr'><strong><em>tantm</em></strong></span> 
     </span>
     <span class='ocr_line' id='line_1_38' title="bbox 295 4560 1482 4637; baseline 0.009 -26"><span class='ocrx_word' id='word_1_300' title='bbox 295 4575 314 4611; x_wconf 85' lang='lat' dir='ltr'><strong><em>a</em></strong></span> <span class='ocrx_word' id='word_1_301' title='bbox 327 4562 354 4610; x_wconf 88' lang='lat' dir='ltr'><strong><em>in</em></strong></span> <span class='ocrx_word' id='word_1_302' title='bbox 371 4560 439 4624; x_wconf 83' lang='lat' dir='ltr'><strong><em>hue,</em></strong></span> <span class='ocrx_word' id='word_1_303' title='bbox 460 4561 527 4627; x_wconf 92' lang='lat' dir='ltr'><strong><em>quod</em></strong></span> <span class='ocrx_word' id='word_1_304' title='bbox 544 4576 630 4611; x_wconf 89' lang='lat' dir='ltr'><strong><em>omncs</em></strong></span> <span class='ocrx_word' id='word_1_305' title='bbox 653 4564 746 4613; x_wconf 79' lang='lat' dir='ltr'><strong><em>Graeci</em></strong></span> <span class='ocrx_word' id='word_1_306' title='bbox 765 4571 823 4629; x_wconf 78' lang='lat' dir='ltr'><strong><em>autc</em></strong></span> <span class='ocrx_word' id='word_1_307' title='bbox 844 4571 941 4631; x_wconf 86' lang='lat' dir='ltr'><strong><em>captam</em></strong></span> <span class='ocrx_word' id='word_1_308' title='bbox 959 4566 1204 4632; x_wconf 75' lang='lat' dir='ltr'><strong><em>Canmtantinapolinn</em></strong></span> <span class='ocrx_word' id='word_1_309' title='bbox 1224 4575 1371 4619; x_wconf 82' lang='lat' dir='ltr'><strong><em>constanter</em></strong></span> <span class='ocrx_word' id='word_1_310' title='bbox 1388 4572 1482 4637; x_wconf 79' lang='lat' dir='ltr'><strong><em>ubique</em></strong></span> 
     </span>
     <span class='ocr_line' id='line_1_39' title="bbox 296 4642 1481 4717; baseline 0.009 -28"><span class='ocrx_word' id='word_1_311' title='bbox 296 4642 403 4691; x_wconf 75' lang='lat' dir='ltr'><strong><em>iaciunt.</em></strong></span> <span class='ocrx_word' id='word_1_312' title='bbox 443 4642 520 4707; x_wconf 86' lang='lat' dir='ltr'><strong><em>Saepe</em></strong></span> <span class='ocrx_word' id='word_1_313' title='bbox 540 4642 652 4705; x_wconf 89' lang='lat' dir='ltr'><strong><em>proderit</em></strong></span> <span class='ocrx_word' id='word_1_314' title='bbox 671 4643 719 4693; x_wconf 87' lang='lat' dir='ltr'><strong><em>hoc</em></strong></span> <span class='ocrx_word' id='word_1_315' title='bbox 736 4646 880 4694; x_wconf 86' lang='lat' dir='ltr'><strong><em>meminisse</em></strong></span> <span class='ocrx_word' id='word_1_316' title='bbox 897 4647 928 4693; x_wconf 92' lang='lat' dir='ltr'><strong><em>ad</em></strong></span> <span class='ocrx_word' id='word_1_317' title='bbox 946 4663 1029 4695; x_wconf 84' lang='lat' dir='ltr'><strong><em>reram</em></strong></span> <span class='ocrx_word' id='word_1_318' title='bbox 1047 4648 1196 4713; x_wconf 89' lang='lat' dir='ltr'><strong><em>scripturam</em></strong></span> <span class='ocrx_word' id='word_1_319' title='bbox 1220 4666 1250 4698; x_wconf 83' lang='lat' dir='ltr'><strong><em>ex</em></strong></span> <span class='ocrx_word' id='word_1_320' title='bbox 1270 4650 1373 4714; x_wconf 73' lang='lat' dir='ltr'><strong><em>syllabis</em></strong></span> <span class='ocrx_word' id='word_1_321' title='bbox 1395 4667 1481 4717; x_wconf 85' lang='lat' dir='ltr'><strong><em>perpe·</em></strong></span> 
     </span>
     <span class='ocr_line' id='line_1_40' title="bbox 297 4719 1478 4797; baseline 0.006 -25"><span class='ocrx_word' id='word_1_322' title='bbox 297 4736 348 4773; x_wconf 80' lang='lat' dir='ltr'><strong><em>tum</em></strong></span> <span class='ocrx_word' id='word_1_323' title='bbox 375 4721 463 4771; x_wconf 73' lang='lat' dir='ltr'><strong><em>divisis</em></strong></span> <span class='ocrx_word' id='word_1_324' title='bbox 485 4722 683 4784; x_wconf 83' lang='lat' dir='ltr'><strong><em>restituendam,</em></strong></span> <span class='ocrx_word' id='word_1_325' title='bbox 712 4730 740 4772; x_wconf 90' lang='lat' dir='ltr'><strong><em>nt</em></strong></span> <span class='ocrx_word' id='word_1_326' title='bbox 764 4725 790 4772; x_wconf 92' lang='lat' dir='ltr'><strong><em>in</em></strong></span> <span class='ocrx_word' id='word_1_327' title='bbox 810 4725 874 4774; x_wconf 85' lang='lat' dir='ltr'><strong><em>bros.</em></strong></span> <span class='ocrx_word' id='word_1_328' title='bbox 896 4719 954 4775; x_wconf 70' lang='lat' dir='ltr'><strong><em>llas.</em></strong></span> <span class='ocrx_word' id='word_1_329' title='bbox 979 4727 1046 4779; x_wconf 88' lang='lat' dir='ltr'>v111.</span> <span class='ocrx_word' id='word_1_330' title='bbox 1070 4731 1122 4790; x_wconf 81' lang='lat'><strong><em>35,</em></strong></span> <span class='ocrx_word' id='word_1_331' title='bbox 1144 4730 1187 4779; x_wconf 76' lang='lat' dir='ltr'><strong><em>eia</em></strong></span> <span class='ocrx_word' id='word_1_332' title='bbox 1206 4726 1223 4776; x_wconf 82' lang='grc' dir='ltr'><em>ἃ</em></span> <span class='ocrx_word' id='word_1_333' title='bbox 1241 4730 1344 4795; x_wconf 87' lang='lat' dir='ltr'><strong><em>irrepsit</em></strong></span> <span class='ocrx_word' id='word_1_334' title='bbox 1364 4739 1410 4797; x_wconf 80' lang='lat' dir='ltr'><strong><em>plo</em></strong></span> <span class='ocrx_word' id='word_1_335' title='bbox 1431 4730 1478 4782; x_wconf 76' lang='lat' dir='ltr'><strong><em>&#39;ias</em></strong></span> 
     </span>
    </p>
   </div>
   <div class='ocr_carea' id='block_1_5' title="bbox 0 0 1660 5750">
    <p class='ocr_par' dir='ltr' id='par_1_5' title="bbox 0 0 1660 5750">
     <span class='ocr_line' id='line_1_41' title="bbox 0 0 1660 5750; baseline 0 6"><span class='ocrx_word' id='word_1_336' title='bbox 0 0 1660 5750; x_wconf 95' lang='lat' dir='ltr'><strong><em> </em></strong></span> 
     </span>
    </p>
   </div>
  </div>
 </body>
</html>
