3309 5750
872 639 937 703 376

310 842 480 923 ςρύγγυλα
510 837 660 905 haerebat
686 838 826 902 incertus
852 832 1048 900 Maternus
1096 830 1195 899 llabit
1218 832 1312 902 mihi
1331 836 1498 923 συςρογρο.

312 947 426 1030 λίζειν,
460 943 684 1025 γογγυλίζειν,
717 943 892 1021 σ’γκυλούν,
925 939 1115 1017 ἐξογκυλούν
1134 939 1251 1005 ¹serius
1281 940 1424 1012 demum
1443 971 1498 1015 esse

313 1064 398 1117 netu.
432 1052 596 1116 Praeterea
617 1045 693 1111 dedi
712 1043 943 1115 necessariores
963 1047 1018 1108 ποῦ
1041 1042 1159 1122 πατρός
1180 1068 1244 1133 pro
1264 1052 1498 1127 καταλιπόντος

310 1182 362 1236 μοι
388 1162 442 1222 τοῦ
466 1153 594 1234 πατρός.
642 1149 738 1215 Docti
756 1147 902 1214 homiues
922 1149 976 1213 πού
996 1162 1242 1237 expunxerunt,
1261 1164 1307 1217 at
1329 1176 1498 1247 numquam

311 1262 345 1327 in
367 1261 484 1328 talibus
504 1259 608 1337 παπύρ
628 1256 719 1345 proi
742 1255 846 1334 πατήρ
866 1252 946 1318 mihi
965 1253 1104 1331 lectum,
1122 1254 1149 1319 si
1170 1257 1246 1345 quis
1266 1258 1314 1323 de
1336 1284 1402 1327 suo
1421 1276 1499 1353 patre

308 1368 464 1457 loquitur.
512 1363 628 1428 Lesius
659 1371 828 1451 peecatum
858 1372 906 1425 est
932 1358 966 1424 in
996 1358 1177 1449 fragmento
1213 1364 1395 1464 humore
1424 1370 1500 1460 apud

314 1474 438 1540 hrnrs.
462 1470 519 1537 lv.
544 1494 576 1559 p.
606 1470 678 1532 165.
701 1486 732 1532 r.

544 1572 752 1653 Ἐπιχαρίδης
776 1570 790 1633 ὃ
814 1570 920 1650 μικρὸς
944 1570 976 1634 ἐν
999 1569 1083 1635 πένθ’
1108 1570 1244 1653 ἡμέραις

547 1684 687 1759 σφαῖραν
711 1675 837 1750 ἐποίησε
861 1677 916 1748 τὴν
940 1674 1086 1755 πατρῴαν
1110 1675 1220 1742 οὐσίαν

547 1782 624 1849 οὕτω
649 1780 920 1862 συνεςρύγγυλλεν
944 1781 1065 1858 ἰταμῶς
1088 1780 1142 1844 καὶ
1167 1783 1275 1864 παχύ.

310 1890 399 1980 quod
428 1891 580 1955 Drunour
601 1909 648 1952 er
675 1883 868 1977 apographis
897 1885 1019 1975 recepit
1046 1908 1105 1975 ego
1132 1886 1165 1951 in
1188 1887 1384 1982 archetypo
1408 1899 1499 1987 reperi

310 1996 571 2077 συνεςρύγγυλεν.
607 1993 788 2071 Γογγύλλει
812 1989 935 2056 dixerat
962 1993 1215 2081 dutsrot’flstuts
1237 1995 1275 2061 in
1307 1998 1499 2096 Thesmoplt

312 2123 357 2165 rs.
381 2104 433 2167 56.
1203 2098 1212 2104 ’

623 2187 675 2252 καὶ
702 2196 873 2268 κηροχυτεῖ
893 2187 947 2253 καὶ
973 2189 1176 2268 γογγύλλει,Ι
1241 2195 1247 2207 ’

311 2310 433 2377 scribae
459 2312 506 2377 nil
535 2324 682 2377 curantes
711 2332 863 2376 numeros
880 2311 1096 2401 anapaesticos
1116 2313 1257 2400 pessime
1281 2338 1407 2385 omnes
1421 2344 1496 2401 :yoy-

311 2416 433 2499 γυλύζει
462 2416 639 2496 dederunt,
671 2416 755 2506 quod
778 2417 1007 2482 Burmannus
1029 2428 1061 2483 et
1083 2417 1256 2485 Pousonus
1275 2426 1496 2493 correxerunt

313 2520 432 2588 Eadem
462 2545 557 2612 opera
584 2523 698 2612 corrigi
717 2533 866 2612 poterant
883 2521 949 2587 duo
969 2523 1052 2603 loci,
1075 2547 1155 2614 quos
1175 2529 1431 2616 praemisimus,
1448 2532 1493 2597 uhi

310 2626 544 2706 ξυγγογγύλας
567 2641 599 2693 ct
617 2626 853 2705 συγγογγύλας
874 2649 985 2692 serum
1004 2640 1037 2693 et
1055 2628 1233 2717 genuinum
1254 2644 1325 2711 est,
1342 2636 1404 2701 sed
1421 2638 1492 2703 male

310 2729 452 2796 adhaesit
472 2732 645 2822 utrobique
663 2729 797 2795 otiosum
819 2730 1153 2821 interpretamentum·
1173 2734 1270 2822 Apud
1292 2738 1493 2811 Hnsrcnmu

310 2835 417 2902 editur
441 2846 673 2918 γογγυλεῖνε
709 2841 893 2916 συςρεφεῖν,
921 2860 979 2927 pro
1007 2838 1277 2918 γογγύλλεινε
1305 2850 1489 2934 συςρέφειο,

310 2942 386 3009 hinc
414 2944 453 3009 ad
481 2944 716 3022 συγγογγύλας
745 2940 890 3009 adhaesit
919 2945 1079 3026 συςρέψας
1101 2957 1133 3010 et
1153 2968 1228 3011 cum
1247 2952 1307 3016 καί
1327 2968 1490 3046 receptum

309 3060 364 3112 est.
397 3047 560 3113 Emenda:
580 3046 715 3128 μεγαλῳ
731 3048 820 3130 τυφῷ
837 3048 1071 3127 ξυγγογγύλας
1093 3053 1260 3143 expunctis
1281 3058 1339 3123 καὶ
1362 3069 1488 3142 προς-ἦρι
1533 3051 1537 3065 '

307 3153 466 3236 ξυςρύψας
495 3153 550 3218 καί
575 3164 607 3216 et
637 3152 669 3215 in
696 3152 796 3217 altero
825 3152 898 3218 loco

508 3257 742 3338 συγγογγύλας
768 3265 784 3346 ΙΙ
808 3259 893 3324 τουτὶ
925 3260 960 3324 τὸ
986 3259 1060 3332 πέος
1085 3268 1271 3342 χοανεῦσαι.

354 3364 477 3431 Addam
496 3364 669 3431 nonnullos
690 3364 777 3430 locos
795 3364 1036 3455 praeclarissimi
1057 3368 1232 3456 scriptoris,
1257 3369 1403 3456 Lrstau,
1432 3400 1485 3443 ou.

306 3472 354 3536 ius
375 3472 476 3537 oratio
494 3494 559 3537 non
578 3470 706 3548 multis,
737 3483 771 3536 ut
792 3494 886 3561 supra
906 3469 1062 3552 diximus,
1091 3472 1295 3540 emblematis
1314 3477 1484 3568 inquinata

306 3588 371 3658 est,
395 3589 508 3643 ettam
528 3576 661 3667 limpida
682 3589 713 3642 et
737 3589 866 3642 venusta
881 3589 945 3656 est,
963 3589 999 3641 ut
1017 3577 1126 3666 inepta
1145 3577 1268 3644 alienae
1287 3587 1484 3652 manusad·

306 3685 481 3755 ditamenta
510 3683 635 3749 facilius
665 3683 759 3748 etiam
788 3681 875 3772 apud
904 3705 993 3760 eum,
1023 3705 1120 3772 quam
1141 3683 1235 3771 'apud
1254 3685 1380 3754 multos
1406 3691 1482 3757 alios

306 3790 597 3882 deprehendantur.
633 3788 722 3854 hdeo
743 3788 825 3853 nihil
847 3787 933 3878 quod
957 3789 1102 3878 ineptum
1122 3801 1169 3854 est
1189 3801 1222 3854 et
1246 3790 1360 3859 vitiose
1382 3796 1484 3863 abuu-

305 3896 359 3963 dat
385 3910 440 3963 aut
465 3893 563 3985 friget
578 3905 633 3959 aut
655 3895 787 3982 languet
804 3893 944 3958 nitidum
963 3890 1025 3957 hoc
1045 3905 1077 3958 et
1098 3894 1225 3983 elegans
1245 3897 1413 3966 scribendi
1430 3926 1484 3992 ge·

305 4023 365 4066 nus
393 4003 476 4066 ferre
505 4010 619 4088 potest.
666 3997 713 4083 In¹
729 3997 873 4062 oratione
894 3996 918 4062 l.
938 4003 956 4084 ς
976 4000 1028 4061 26.
1052 3998 1065 4060 ὁ
1089 4005 1145 4072 τῆς
1168 4000 1288 4074 πόλεως
1313 4003 1429 4086 νύμος,
1453 4007 1483 4074 ὃν

305 4107 342 4172 σὺ
373 4104 606 4191 [παραβαίνων]
637 4103 704 4184 περὶ
728 4102 893 4175 ε’λοὶππονος
916 4108 975 4166 πῶν
1003 4104 1111 4178 ἡδονῶν
1133 4107 1283 4180 ε’ποιύσιν,
1320 4112 1396 4199 quis
1422 4138 1484 4180 non

305 4211 401 4277 sentit
432 4232 528 4299 quam
557 4209 640 4275 male
661 4207 865 4290 παραβαίνων
891 4206 1061 4273 abundet?
1087 4221 1118 4275 et
1141 4213 1159 4294 §
1183 4215 1234 4277 49.
1259 4215 1285 4278 oi
1317 4216 1406 4294 νόμοι
1433 4245 1484 4287 κε-

255 4304 256 4307 *
303 4315 444 4380 λεύουσιν
468 4313 522 4379 ἐούν
550 4341 598 4389 τις
622 4314 733 4394 μοιχὸν
755 4310 846 4395 λούβρ
869 4310 887 4378 d
909 4337 939 4379 τι
965 4312 1004 4378 lav
1031 4311 1108 4404 [οὖν]
1137 4314 1294 4394 βούληται
1321 4326 1481 4402 χρῆσθαι,

304 4419 414 4485 nullus
436 4431 482 4485 est
501 4421 677 4509 particulae
697 4419 793 4483 loeus.
841 4416 878 4484 ln
904 4429 982 4484 orat.
1001 4417 1060 4484 lll.
1080 4427 1097 4508 ς
1118 4423 1168 4484 10,
1193 4419 1275 4494 ἔδοξέ
1299 4447 1353 4502 μοι
1373 4429 1482 4510 κρύη.

304 4550 354 4594 ςον
380 4521 458 4591 εἶναι
478 4529 680 4607 ἀποδημῆσαι
708 4527 755 4615 [ἐκ
775 4531 832 4600 πῆς
850 4525 999 4614 πύλειος].
1023 4527 1132 4604 λαβὼν
1154 4528 1188 4601 δύο
1207 4529 1242 4592 πὸ
1261 4532 1426 4614 μειράκιον
1444 4517 1502 4594 -’

201 4654 204 4659 ’
306 4629 434 4710 ςὀχύροςν
459 4634 494 4697 ἐκ
517 4639 574 4706 πῆς
597 4631 726 4705 πόλεως.
777 4630 854 4714 Quis
872 4642 1017 4697 nostrum
1036 4628 1081 4696 ita
1100 4631 1299 4722 scripsisset?
1319 4651 1377 4706 aut
1394 4644 1484 4733 quod

306 4734 421 4822 legitur
452 4737 504 4802 Vl.
533 4742 563 4802 7.
598 4737 667 4808 τοὺς
697 4737 754 4815 μὲν
785 4736 911 4816 ἐχθροὺς
947 4737 1041 4814 μηδὲν
1069 4745 1166 4802 ποιεῖν
1197 4741 1310 4821 κακὸν,
1347 4748 1421 4820 τοὺς
1451 4751 1483 4815 δὲ
