3309 5750
755 716 793 777 11

180 888 270 957 libris
294 889 460 957 confusius
482 894 515 956 ot
538 886 722 976 absurdius)
747 887 803 953 sed
834 886 1018 973 aequalium
1043 889 1188 958 vitiosam
1214 891 1366 981 loquenid

179 997 447 1063 consuetudinem
468 996 514 1061 ita
535 1000 696 1081 arguunt,
719 1000 756 1059 ut
776 992 874 1058 Attici
893 994 1051 1059 sermonis
1062 994 1280 1085 incorruptam
1296 1022 1368 1067 nor·

176 1121 265 1167 marn
289 1111 460 1188 opponant.
511 1100 564 1166 Sic
592 1099 688 1165 tiebat
713 1106 749 1164 ut
780 1096 865 1163 docti
888 1097 952 1163 alia
978 1097 1088 1185 lingua
1113 1100 1197 1168 inter
1224 1125 1280 1184 se,
1304 1107 1368 1174 alia

177 1205 218 1272 ad
251 1206 412 1273 indoctam
452 1205 576 1293 plebem
609 1213 643 1271 ct
671 1203 816 1271 servulos
847 1210 1040 1279 uterentur,
1077 1203 1165 1291 plebs
1203 1210 1368 1279 eruditum

178 1311 266 1377 istud
295 1312 460 1399 eloquium
482 1330 546 1376 non
570 1319 697 1376 tantum
722 1329 784 1375 non
817 1307 1029 1393 intelligeret,
1053 1309 1109 1376 sed
1139 1312 1259 1390 etiam,
1282 1317 1368 1402 quod

177 1437 271 1483 nemo
293 1418 487 1493 mirabitur,
516 1417 659 1482 suaviter
689 1414 819 1481 rideret.
867 1413 1068 1500 Quamquam
1098 1423 1148 1481 est
1184 1418 1278 1514 paulo
1298 1421 1368 1487 lon·

176 1523 270 1606 glor,
301 1521 485 1587 adscribam
506 1520 613 1586 locum
639 1540 678 1587 ex
700 1519 799 1585 Scxro
824 1519 972 1585 Eurrnrco
998 1520 1068 1586 udo.
1093 1520 1242 1589 Matieno.
1262 1524 1286 1591 l.
1313 1532 1364 1594 10.

177 1646 209 1710 p.
231 1630 296 1691 165
321 1626 437 1703 Fusa,
462 1645 525 1711 quo
548 1644 610 1691 nou
637 1632 685 1691 est
712 1625 795 1690 alius
817 1623 858 1690 ad
882 1624 915 1690 id
941 1624 1025 1711 qood
1049 1626 1119 1692 volo
1144 1626 1366 1698 demonstrau-

179 1728 257 1794 dum
275 1732 379 1816 tnagis
392 1731 545 1797 idoneus:
568 1730 614 1801 ἔτι
626 1731 678 1807 δέ,
703 1732 829 1817 inquit,
855 1732 987 1810 βιωτική
1007 1756 1055 1805 τις
1076 1733 1202 1817 οὶφελὶςς
1222 1739 1366 1814 συνήθεια

177 1840 237 1899 τῶν
255 1836 377 1902 ἰδιωτῶν
398 1837 485 1902 aava
512 1835 617 1910 πόλεις
639 1836 692 1902 nal
717 1835 784 1913 ἔθνος
809 1837 1000 1920 διοιφέοονοοο
1019 1874 1065 1888 -
1081 1876 1124 1890 —
1149 1841 1184 1906 τὸ
1209 1844 1286 1909 uiri
1306 1846 1364 1927 οὶρ·

173 1939 352 2023 τοφόριον
376 1940 428 2007 aar>
461 1940 642 2023 nuudprou
664 1941 799 2020 λέγετοιι
824 1943 877 2009 uui
903 1941 1000 2010 πάλιν
1026 1943 1061 2009 τὸ
1093 1946 1170 2011 αὐτὸ
1199 1949 1363 2028 saevior

172 2046 226 2110 aaa
252 2047 402 2125 οὶμίδιον
426 2049 479 2113 acl
506 2046 610 2126 ἴγδις
631 2048 684 2114 aul
710 2048 838 2124 θνείοο,
863 2048 1238 2131 ἀλλὰςοχοιζδμενοιτοῡ
1257 2062 1361 2130 καλῶς

171 2150 298 2231 ἔχοντος
329 2153 381 2218 nul
413 2159 523 2235 οοοφῶς
547 2154 598 2220 aa}
628 2158 683 2219 τοῦ
712 2156 757 2232 μὴ
781 2156 939 2231 γελῖισθοιι
970 2155 1028 2220 ὑπὸ
1059 2162 1118 2222 τῶν
1146 2157 1362 2228 διακονούντων

171 2260 246 2335 ἡμῖν
267 2258 433 2339 ποοιδοορίων
457 2259 509 2324 uni
535 2259 656 2324 ἰδιωτῶν
680 2258 871 2341 πωνοίριον
899 2260 1045 2341 ἐροῦμεν,
1069 2262 1099 2326 εἰ
1124 2262 1187 2328 nui
1211 2263 1361 2345 βάρβα-

170 2361 233 2445 ρόν
253 2363 333 2439 ε’ςιν,
356 2365 432 2428 ἀλλ’
456 2366 509 2427 οὐκ
530 2362 773 2446 agroetius,
793 2364 847 2429 κοοὶ
869 2364 1029 2442 sanatos
1053 2367 1129 2432 ἄλλ’
1149 2370 1203 2434 οὐκ
1218 2369 1361 2447 antia.

169 2468 221 2533 aul
241 2467 373 2533 duciae
397 2471 522 2545 uuinton
544 2467 561 2543 ἢ
586 2468 706 2546 tyto,
731 2469 783 2534 κοιὶ
805 2467 904 2535 πάλιν
923 2471 954 2534 ἐν
968 2469 1102 2547 διαλέξει
1122 2474 1360 2553 ἀποβλέποντες

169 2574 244 2655 πρὸς
267 2573 339 2646 τοὺς
373 2571 530 2653 ποιοόντοις
554 2573 613 2645 τοὶς
639 2573 696 2651 μὲν
725 2574 923 2647 ἰδιωτικὰς
953 2572 1053 2650 λέξεις
1082 2577 1359 2659 aenesidemo,

168 2680 224 2755 rba
254 2679 285 2744 δὲ
317 2677 550 2759 οὶςειοτὲοοιν
583 2677 636 2743 κοοὶ
668 2678 886 2760 Φιλόλογον
919 2681 1076 2757 occiderer
1107 2681 1360 2763 μεταδιώξομεν·

168 2788 212 2858 ὡς
238 2783 311 2865 γὰρ
332 2787 349 2860 ἡ
369 2783 580 2866 φιλόλογος
603 2787 776 2863 γελοῖτοοι
801 2784 905 2865 napa
926 2792 1005 2859 τοῖς
1026 2786 1219 2864 ἰδιώταις,
1242 2787 1360 2865 οὕτως

168 2893 186 2968 ἡ
216 2891 390 2965 taracona
425 2890 527 2972 nupia
562 2897 641 2964 τοῖς
668 2890 910 2972 φιλολόγοις.
966 2891 1121 2978 Utrique,
1154 2894 1199 2960 ita
1230 2896 1276 2961 1111
1307 2895 1360 2977 fil,

161 2995 365 3065 excellebant
398 2995 539 3062 modum.
588 2997 741 3062 Homines
774 2996 894 3062 indocti
925 2997 965 3063 de
994 2998 1084 3084 plebe
1112 3001 1261 3066 excusari
1289 3023 1358 3088 pos·

166 3108 265 3177 sunt,
289 3101 345 3186 qui
370 3101 441 3166 istis
462 3101 661 3187 temporibus
679 3102 820 3168 nativam
842 3102 971 3189 linguae
993 3105 1116 3189 patriae
1137 3106 1358 3176 sinceritatem

166 3226 296 3273 serrare
323 3225 384 3270 non
412 3206 592 3290 potuerint;
617 3205 702 3272 docti
723 3226 785 3272 non
809 3216 962 3293 possunt,
985 3211 1040 3294 qui
1071 3208 1112 3275 ad
1136 3231 1230 3278 omne
1255 3234 1357 3298 genus

166 3312 363 3398 ineptiarum
385 3318 460 3376 sunt
483 3310 623 3395 delapsi,
653 3318 688 3376 ut
715 3310 845 3396 linguae
869 3315 1103 3381 intermortuae
1124 3317 1282 3383 rationem
1301 3338 1358 3404 po·

164 3417 241 3504 pulo
262 3425 294 3483 et
318 3415 400 3503 plebi
430 3414 661 3492 obtruderent,
686 3437 780 3500 ᾳιιοιιι
806 3417 868 3501 ipsi
897 3438 958 3481 ηοω
988 3418 1064 3482 sotis
1087 3419 1256 3504 diligenter
1277 3433 1357 3489 tene·

160 3523 249 3589 bont.
296 3522 515 3589 Grammatica
538 3540 590 3586 ars
615 3528 647 3584 et
676 3519 790 3584 critica
819 3521 863 3586 ita
893 3533 969 3586 sunt
995 3530 1112 3588 natura
1133 3535 1356 3610 comparatae,

165 3637 221 3707 ut,
245 3628 274 3694 si
295 3647 389 3694 secus
407 3627 533 3700 utaris,
560 3626 593 3690 in
622 3624 761 3690 absurda
784 3626 892 3691 omnia
916 3634 1032 3690 exeant
1051 3634 1083 3692 et
1104 3626 1297 3712 degenerent
1321 3635 1354 3697 in

164 3732 362 3800 malesanam
391 3732 564 3818 quamdam
597 3731 751 3811 ἀτεχνίαν
782 3738 814 3796 et
838 3731 990 3812 οέκοισίοον.
1037 3732 1124 3799 Bona
1148 3740 1256 3800 aulem
1281 3756 1355 3822 pars

163 3859 295 3915 eorum,
319 3839 375 3925 qui
398 3838 519 3903 seriore
548 3845 651 3903 aetate
675 3835 885 3902 Grammatici
909 3836 1120 3917 dicebantur,
1145 3847 1232 3919 arte,
1255 3863 1354 3929 qoam

162 3942 419 4032 protitebantur,
452 3962 620 4029 perperam
650 3949 682 4008 et
712 3951 916 4028 praepostere
946 3943 1138 4023 utebantur,
1167 3947 1293 4014 molesti
1321 3960 1354 4018 et

163 4049 265 4115 odiosi
298 4048 466 4114 uerborum
492 4068 642 4115 censores
659 4055 692 4114 et
715 4046 867 4112 dictionis
897 4048 1047 4134 probatae
1066 4058 1248 4130 exactorem
1274 4055 1353 4125 dum

162 4156 221 4221 toti
237 4161 333 4219 eraut
352 4153 386 4218 iu
405 4153 510 4219 verbis
532 4163 563 4220 et
587 4152 720 4242 syllabis
737 4160 770 4219 et
788 4153 934 4239 apicibus
947 4154 1111 4235 notandis,
1132 4156 1165 4222 id
1178 4159 1263 4244 quod
1283 4171 1353 4229 erat

161 4260 207 4326 rei
238 4266 353 4344 caput,
383 4265 420 4323 ut
451 4267 538 4325 recte
569 4260 768 4345 cogitaretur
790 4268 822 4324 et
843 4257 929 4344 quod
956 4268 1144 4328 recteesset
1174 4265 1352 4349 cogitatum

161 4363 269 4432 verbis
298 4363 383 4448 aptis
405 4370 437 4429 et
465 4362 587 4430 idoneis
611 4363 795 4439 diceretur,
824 4364 932 4429 nescio
954 4364 1113 4449 quomodo
1137 4372 1351 4453 praetervide-

162 4478 239 4537 runt
261 4478 294 4535 11
322 4469 368 4534 111
393 4468 522 4534 tandem
546 4469 735 4535 amiserunt.
786 4468 908 4533 Rerum
932 4467 1033 4552 igitur
1062 4477 1094 4536 et
1117 4475 1352 4548 sententiarum

162 4575 272 4662 inopes
301 4581 333 4640 et
369 4573 555 4639 ioculariter
591 4574 695 4658 ignari
729 4571 789 4638 hoc
821 4593 924 4638 unum
956 4573 1157 4654 retinebant,
1189 4586 1226 4644 ut
1253 4585 1351 4651 verba

162 4687 330 4768 carperent
355 4687 387 4746 et
410 4698 483 4745 cum
511 4678 719 4745 barbarismis
744 4685 776 4744 et
797 4677 994 4744 soloecismis
1014 4679 1094 4746 bella
1112 4694 1262 4767 gererent
1281 4689 1350 4754 nul·

161 4784 205 4854 los
232 4785 384 4854 habitura
408 4783 599 4871 triumphos.
647 4785 790 4869 Castigat
819 4784 957 4850 istorum
988 4785 1126 4873 ineptias
1153 4806 1247 4873 saepe
1274 4791 1350 4858 Geu-
