3309 5750
762 635 825 698 192

204 833 238 897 in
265 831 409 910 vincula,
439 830 478 895 ad
507 828 721 921 supplicium,
752 829 792 895 ad
815 850 937 896 necem.
984 827 1020 895 Si
1040 830 1074 894 in
1098 829 1287 897 llrnouoro
1309 828 1335 897 L
1356 827 1385 898 la

204 943 263 1028 pro
293 937 349 1011 τὴν
374 936 405 1000 δέ
428 939 505 1001 Ἰοῦν
528 937 584 999 σὺν
609 934 726 1017 άλλγσι
750 936 965 1016 ἁρπασθῆναι,
998 948 1054 1001 aut
1078 937 1112 1003 iu
1134 959 1202 1027 cap.
1226 941 1257 1003 4.
1287 940 1315 1003 εί
1339 940 1383 1017 μίν

206 1043 303 1110 αὐταὶ
327 1042 566 1121 {delitescenda
589 1039 627 1105 άν
649 1039 819 1123 ἡρπάζοντο
849 1040 1042 1106 scriberetur
1059 1044 1300 1123 άναρπασθῆναι
1331 1053 1386 1108 aut

206 1147 418 1229 ἀνηρπάζοντο
443 1145 580 1211 absurde
600 1144 721 1209 dictum
739 1157 829 1211 esset.
878 1147 1043 1212 Praeterea
1060 1146 1212 1212 Lucrino
1235 1146 1385 1213 obversa-

210 1265 263 1318 tur
283 1252 445 1317 Purrours
466 1252 557 1316 locus
577 1250 609 1315 iu
629 1252 790 1317 Phaedro
806 1275 838 1341 p.
856 1256 921 1317 229
942 1271 972 1317 o.
1002 1255 1056 1317 οὐκ
1078 1253 1192 1317 ἐνθένδε
1215 1254 1308 1317 ποθὲν
1333 1252 1385 1318 λέ-

208 1381 303 1438 γεται
324 1357 338 1420 ὁ
363 1358 474 1438 Βορέας
498 1359 554 1432 τὴν
575 1357 755 1437 Ὠρείθυιαν
780 1356 941 1436 άρπάσαι;
978 1379 1074 1447 quam
1099 1355 1245 1421 fabulam
1269 1355 1385 1423 Socra·

209 1477 257 1530 tes
287 1463 331 1528 ita
356 1464 582 1553 interpretatur
602 1473 638 1526 ut
658 1462 743 1528 dicat
764 1462 824 1527 sibi
845 1462 945 1528 rideri
967 1463 1110 1553 puellam
1133 1463 1163 1527 ri
1183 1464 1271 1529 venti
1292 1486 1401 1553 praes

210 1569 340 1661 cipitem
363 1567 403 1633 de
425 1590 503 1658 rupe
524 1567 629 1632 datam
649 1568 702 1632 καί
726 1566 802 1632 οὕτω
827 1568 862 1642 δὴ
886 1570 1126 1644 τελεντθσασαν
1149 1571 1307 1649 λεχθῆναι
1328 1571 1385 1635 ὑπὸ

209 1682 263 1741 τοῦ
291 1674 398 1755 Βορέον
423 1674 604 1755 άνάρπαςον
633 1671 817 1751 γεγονέναι,
852 1672 973 1762 inquo
1000 1673 1169 1739 discrimen
1191 1673 1280 1762 quod
1305 1672 1387 1739 diri·

210 1803 281 1847 mus
311 1790 453 1870 apparet.
502 1775 539 1841 ln
559 1779 577 1861 §
598 1782 629 1843 8.
659 1781 775 1857 φρονῶν
798 1798 863 1841 uon
886 1790 932 1843 est
950 1779 1041 1859 satis,
1064 1779 1179 1869 supple
1198 1776 1234 1845 εὖ
1256 1786 1386 1862 φρονῶν.

211 1890 284 1973 39.
316 1883 480 1964 άπέραντα
515 1881 723 1963 ξομπεραίνμ,
759 1880 916 1949 Graecum
944 1897 992 1949 est
1020 1883 1254 1964 ξομπεραίνεις.
1291 1887 1311 1971 §
1338 1888 1390 1953 tl.

209 1989 334 2075 φθάσαι
358 1988 412 2053 καὶ
439 1989 630 2072 καταδῦναι,
664 1986 787 2075 corrige
814 1986 939 2069 φθάσαι
962 1988 1113 2054 καταδθν.
1149 1990 1166 2073 S
1191 1991 1242 2054 12.
1272 1992 1388 2082 supple

212 2097 230 2173 ἢ
255 2093 459 2174 παρακούσας
476 2105 508 2158 et
523 2091 630 2183 recipe
646 2116 683 2159 er
702 2091 804 2159 codd.
824 2094 998 2175 ἐνεφύσησε
1012 2094 1069 2171 μὲν
1085 2095 1191 2165 αὐτοῖς
1210 2115 1271 2184 pro
1291 2096 1388 2165 αὐτά.

212 2200 251 2267 ln
273 2203 290 2285 §
312 2202 363 2263 17.
386 2198 559 2279 ἐλευθερίως
582 2199 625 2263 τά
644 2197 792 2264 δοκοῦντά
811 2200 839 2263 οἱ
861 2199 987 2277 λέγοντι
1006 2197 1218 2264 necessarium
1238 2212 1287 2265 est
1304 2204 1390 2268 ε’λεν-

213 2309 313 2388 θέροις.
339 2303 495 2369 conlundi
514 2304 618 2369 solent
639 2304 793 2385 ἐλεύθερος
813 2315 846 2367 et
868 2304 1049 2385 ἐλενθέριος,
1068 2304 1231 2385 ἐλευθέρως
1252 2318 1286 2371 et
1303 2310 1391 2373 ἐλεο-

214 2413 314 2494 θερίος
337 2410 400 2476 rid.
423 2418 457 2489 5,
481 2414 530 2477 13.
560 2415 610 2489 17,
630 2415 682 2476 30.
708 2412 767 2489 66,
789 2412 820 2475 2.
867 2407 905 2473 In
931 2411 948 2493 §
971 2414 1021 2475 18.
1045 2410 1088 2481 είς
1111 2410 1166 2483 τὴν
1191 2411 1390 2494 δισκοφόρον,

213 2520 275 2585 nisi
294 2531 387 2611 putas
407 2518 441 2583 in
462 2518 617 2610 palaestra
638 2516 772 2583 ancillas
793 2516 891 2581 luisse
915 2538 1034 2605 repone
1054 2516 1097 2586 είς
1121 2513 1184 2579 τόν.
1235 2512 1254 2601 §
1278 2522 1330 2583 19.
1359 2522 1393 2586 σθ

210 2626 346 2709 ’νομίζεις
377 2630 431 2690 τοῦ
462 2628 558 2690 αὐτοῦ
586 2620 664 2689 εἷναι
689 2622 956 2701 καί-ἐπιπέμπειν
981 2618 1133 2696 ἠπιάλους
1159 2616 1202 2693 οίς
1228 2620 1267 2686 θον
1296 2624 1393 2689 ἐθέλοι

215 2731 283 2809 είγε
318 2730 371 2795 καί
407 2729 610 2808 άποπέμπειν
635 2727 890 2807 δυνατόν’·αθτῷ.
929 2724 1047 2790 Graeca
1077 2724 1177 2788 forma
1204 2725 1265 2790 erit
1296 2726 1395 2795 huius

216 2834 411 2916 sententiae,
442 2820 468 2899 si
494 2833 648 2900 deleveris
667 2830 736 2911 είγε
761 2843 793 2896 et
813 2831 941 2896 δννατδν
965 2832 1062 2913 αὐτῷ.
1107 2831 1124 2914 S
1149 2833 1200 2896 20.
1225 2830 1297 2922 lege
1325 2838 1393 2918 πρὸ
1421 2837 1428 2841 ’

217 2951 282 3009 τοῖν
307 2942 409 3007 ποδοῖν
429 2952 461 3005 et
481 2941 541 3004 οὐδ’
561 2938 599 3004 θον
628 2940 728 3020 ζῶντα
753 2934 836 3001 πάνυ
862 2935 995 3000 ἐδεδίειν.
1044 2928 1161 3002 Editur
1180 2937 1254 3018 πρός
1273 2950 1307 3004 et
1327 2943 1395 3008 οὐδὲ

216 3049 328 3130 ζῶντα.
364 3046 382 3128 §
401 3050 453 3110 31.
478 3041 762 3121 εὐαγγελιζόμενος
790 3041 874 3122 αὐτῷ
894 3036 940 3104 ότι
971 3043 1110 3123 καθαράν
1133 3044 1218 3123 αὐτῷ
1239 3045 1292 3109 καί
1309 3047 1395 3113 άδεί-

217 3172 335 3231 μαντον
369 3150 422 3225 ἤδη
453 3147 515 3227 ἕξει
540 3149 597 3222 τὴν
624 3146 722 3212 οίκιάν
749 3147 859 3218 οἰκεῖν,
886 3167 1031 3237 expunge
1051 3148 1141 3238 prius
1161 3148 1246 3231 αὐτῷ
1268 3161 1300 3214 et
1320 3150 1394 3242 lege

215 3253 297 3334 ἐξεςι
330 3276 390 3344 pro
415 3251 488 3332 ἕξει.
535 3255 627 3338 534.
658 3252 687 3316 ἐν
711 3259 775 3322 τοῖς
798 3250 922 3322 άδθτοις
948 3251 1112 3330 ὑπόγειος,
1144 3251 1214 3342 lege
1234 3264 1300 3328 τοῖς
1319 3259 1394 3323 ὑπο·-

221 3358 327 3439 γειόις.
350 3368 381 3423 et
403 3360 420 3442 §
444 3361 494 3422 40.
519 3357 602 3421 οὐδὲν
626 3357 670 3435 μὴ
694 3353 824 3434 ταράξει
849 3377 908 3444 pro
931 3355 1064 3439 ταράξῃ.

267 3462 304 3529 ln
334 3464 477 3530 Muscas
504 3463 667 3528 Eneomio
695 3463 753 3538 57,
771 3465 804 3526 3.
829 3459 981 3525 dicuntur
1000 3483 1067 3526 esse
1086 3474 1215 3528 muscae
1235 3467 1395 3548 όφθαλμοί

220 3579 397 3650 προπαγεῖς
423 3570 503 3635 πολὺ
527 3573 580 3633 τοῦ
604 3566 731 3647 κέρατος
755 3563 896 3646 ἔχοντες.
935 3554 1107 3646 Προπαγιίς
1134 3570 1331 3636 vocabulum
1351 3585 1398 3640 est

221 3673 315 3739 nihili
343 3686 374 3740 et
394 3699 431 3741 ex
455 3673 640 3741 Graecitatis
663 3671 776 3761 opibus
796 3673 1037 3741 removendum.
1084 3676 1217 3766 Legitur
1243 3677 1307 3744 hoo
1334 3703 1399 3746 uno

221 3782 295 3848 loeo
318 3794 349 3848 et
370 3783 403 3847 in
424 3788 588 3863 προπετεῖς
609 3790 656 3844 est
680 3776 932 3858 emendandum,
966 3804 1033 3870 quo
1055 3785 1186 3850 nornine
1208 3786 1319 3852 oculos
1339 3811 1397 3853 ex-

222 3898 353 3954 stantes
384 3899 416 3952 et
437 3890 668 3977 prominentes
699 3881 1017 3974 Graeci-appellant,
1047 3889 1163 3976 quibus
1189 3906 1399 3981 opponuntur

225 3996 250 4058 oi
275 4000 383 4057 κοῖλοι.
1149 3996 1156 4003 ’
1257 4053 1260 4057 .

270 4094 309 4160 1η
340 4095 423 4159 libro
453 4093 617 4158 adversus
644 4090 812 4156 indoctum
843 4094 945 4160 libros
970 4106 1164 4164 coementem
1191 4104 1249 4180 58,
1274 4105 1303 4169 1.
1328 4105 1400 4195 lege

223 4203 388 4283 τεκμαίρει
417 4212 449 4266 et
479 4197 749 4280 ταραλαμβάνεις
777 4222 836 4289 pro
861 4201 1037 4282 τεκμαίροιο
1063 4215 1096 4268 et
1115 4210 1399 4288 παραλαμβάνοις.

227 4312 244 4396 §
268 4313 297 4374 3.
330 4307 385 4371 καί
415 4330 466 4385 μοι
496 4305 568 4386 πρὸς
597 4310 653 4378 τῆς
682 4304 884 4382 Λιβανίτιδος
914 4305 998 4389 άφες
1022 4309 1052 4371 ἐν
1072 4310 1115 4388 τῷ
1139 4310 1268 4391 παρόντι
1293 4316 1329 4379 τὸ
1355 4317 1401 4395 μὴ

227 4414 404 4496 σύμπαντα
425 4416 537 4494 σαφῶς
557 4411 654 4476 εἰπεῖν
679 4409 798 4500 duplex
821 4410 933 4476 vitium
952 4411 1044 4478 inest.
1081 4414 1141 4478 Pro
1163 4415 1247 4497 άφες
1269 4421 1403 4489 restitue

229 4521 324 4605 ἔφες,
352 4515 468 4582 deinde
488 4499 686 4594 Λιβανίτιδος
706 4538 825 4582 novum
842 4528 874 4581 et
891 4516 1070 4583 inauditum
1089 4542 1205 4585 nornen
1225 4536 1272 4588 est
1294 4529 1404 4593 numi-

230 4627 295 4707 nis,
319 4623 406 4716 quod
427 4645 536 4688 omues
556 4620 642 4687 iuxta
661 4622 808 4713 ignorant
828 4634 879 4701 et,
908 4623 1022 4703 credo,
1048 4626 1124 4692 olim
1147 4650 1256 4696 omnes
1274 4631 1406 4722 ignora-

230 4744 320 4814 runt,
353 4750 427 4800 nam
456 4729 613 4798 Venerem
645 4727 817 4819 quamdam
845 4729 878 4795 in
908 4729 1034 4811 Libano
1063 4734 1406 4818 colummannus
