3309 5750
796 627 838 690 58

239 814 359 906 (αθτὸς)
383 821 447 888 τοῖς
482 814 570 886 θεοῖο.
605 810 687 900 §a
716 816 768 878 νῦν
801 811 834 877 δὲ
869 809 983 893 ἀγροὺς
1017 808 1069 876 νυοὶ
1100 811 1282 892 γεωργθανε
1319 811 1436 902 supple

242 922 356 1003 ἀνονὺν
376 919 428 1008 (pt
446 919 470 1006 l·

242 1057 248 1069 ·
285 1027 391 1115 Epist.
417 1030 469 1090 17.
491 1025 774 1101 κατακοιμήσασαε
802 1022 965 1087 sincerum
984 1027 1033 1087 est
1055 1024 1324 1102 menolatum
1356 1023 1434 1105 Μ.

240 1131 465 1215 προσλαβοῦσα
487 1127 673 1211 οὶπιλεθσρε
707 1125 823 1193 scribis
846 1126 981 1193 debetur
1005 1146 1077 1193 sero
1100 1128 1186 1194 natis
1211 1148 1269 1217 pro
1292 1145 1436 1212 προσλα-

242 1240 334 1318 abac?
354 1235 441 1303 ι’θπει.

240 1341 243 1346 ’
284 1342 386 1432 Epist.
414 1345 467 1407 18.
502 1337 630 1417 γενέσια
656 1335 825 1419 ἑορτοθζυνο
858 1335 1077 1423 digladiantur
1111 1340 1198 1406 inter
1220 1360 1255 1406 se
1284 1340 1435 1427 Magistri

239 1458 352 1516 utrum
375 1446 504 1527 γενέσια
527 1444 635 1509 dicere
652 1443 704 1508 ius
730 1443 774 1507 sit
802 1461 863 1507 nee
887 1462 927 1508 ne
953 1463 1011 1531 pro
1033 1444 1180 1521 γενέθλιοι
1202 1444 1253 1512 vel
1277 1447 1436 1525 γενέθλιος

239 1553 351 1634 ἡμέρα.
397 1552 508 1636 Negat.
526 1550 719 1615 Pnnrurcnus
743 1569 776 1637 p.
803 1552 866 1613 105
887 1555 1000 1613 contra
1021 1568 1117 1633 qnam
1141 1549 1289 1635 adsurgit
1311 1552 1436 1620 Αιιιίοθ·

240 1659 342 1725 tier'stc
364 1658 499 1721 Bnnnnnr
523 1676 555 1741 p.
582 1657 646 1728 86,
678 1656 732 1719 λθ.
781 1651 966 1718 Secundum
992 1653 1190 1720 Puerurcnuu
1208 1655 1341 1724 videtur
1362 1679 1435 1748 prc-

239 1760 474 1828 nunliandum:
496 1757 584 1824 alind
603 1758 705 1824 estin
727 1755 841 1823 iisdem
867 1756 972 1823 verbis
998 1758 1320 1847 reprehendendum:
1345 1764 1434 1843 γενέ·

241 1870 313 1934 θλια
336 1867 414 1932 θθειν
435 1863 531 1930 Attici
550 1862 681 1941 dicunt,
705 1870 737 1928 at
757 1861 909 1945 ἑορτάζειν
931 1862 1122 1942 Atticistae‚
1146 1864 1231 1932 unde
1257 1866 1351 1935 lraus
1380 1869 1433 1937 de-

238 1970 450 2061 prehenditur
469 1970 502 2036 in
527 1970 675 2034 Pnrrours
691 1969 747 2054 qui
769 1966 875 2034 fertur
898 1966 1053 2035 Alcibied.
1076 1971 1100 2036 l.
1123 1994 1154 2059 p.
1181 1976 1242 2039 121
1268 1974 1306 2039 D.
1331 1976 1434 2062 tadu

237 2087 278 2161 τῇ
302 2076 401 2161 ἡμέρα
426 2074 584 2154 βασιλέως
607 2075 752 2153 γενέθλια
780 2071 896 2140 ἅπασα
924 2073 987 2139 tae
1008 2074 1073 2161 [καὶ
1096 2075 1245 2167 ἑορτάζει]
1272 2083 1291 2156 ἡ
1315 2082 1433 2161 Ἀσία,

239 2182 295 2248 ubi
319 2182 371 2247 καὶ
391 2181 525 2263 ἑορτθζει
550 2180 667 2256 sciolo,
692 2181 747 2265 qui
771 2178 962 2267 adscripsit,
984 2180 1192 2249 reddendum.

247 2336 250 2340 «
283 2288 386 2376 Epist.
408 2290 459 2352 19.
484 2284 557 2374 §E
582 2286 625 2360 εἰς
645 2286 679 2350 σὲ
697 2284 900 2363 βαδιοῦνται
922 2305 985 2351 non
1010 2287 1172 2354 nesciebat
1192 2289 1366 2358 Acerranos
1388 2296 1431 2369 εἰς

239 2399 293 2460 τοῦ
322 2393 473 2458 Graecum
496 2412 576 2459 esse.

285 2499 390 2588 Epist.
404 2502 457 2564 20.
481 2501 506 2583 ᾖ
529 2501 559 2563 θ.
583 2496 619 2573 ἐξ
639 2498 810 2577 ὀφθαλμῶν
834 2498 945 2565 ἐποίεις
967 2517 1026 2587 pro
1056 2499 1198 2564 ἐποιεῖτο.

282 2604 387 2693 Epist.
417 2608 473 2671 Ἠ.
508 2603 606 2685 ἔχοντ
632 2602 753 2670 Atticus
780 2602 951 2669 omisisset.
986 2604 1059 2684 §E
1085 2601 1155 2684 πρὶν
1176 2602 1236 2677 τὰς
1256 2606 1346 2687 παρὰ
1376 2613 1431 2675 τοῦ

239 2711 333 2776 λθιιου
364 2711 452 2783 llaec
481 2706 727 2788 εἶσπροθξοοσθαιε
763 2708 922 2773 articulus
938 2709 1004 2782 ’τοὶς
1039 2708 1153 2773 vitiose
1179 2708 1339 2789 abundat,
1361 2731 1430 2780 cae·

240 2824 346 2883 terunt
370 2813 568 2880 Atheniensis
593 2812 726 2878 dixisset
744 2814 813 2895 πρὶν
837 2814 924 2894 παρὰ
945 2817 999 2879 τοῦ
1019 2813 1116 2880 λύκου
1139 2814 1223 2890 δίκην
1246 2817 1374 2896 λαβεῖν.

285 2922 388 3009 Epist.
404 2924 456 2984 bb.
492 2918 663 2997 ἐπολέμουν
682 2919 742 2992 τοὶς
762 2917 914 3001 ςαΦυλοθς
936 2917 1043 2984 dicere
1066 2939 1124 3008 prn
1149 2922 1352 2999 ἐλυμαίνοντο
1374 2942 1431 3014 pn·

238 3025 307 3091 tida
323 3034 372 3091 cst
384 3024 569 3110 segniorum
585 3024 784 3104 οὶνυρολογία.
808 3025 1020 3091 Accusativus
1040 3027 1137 3090 etiam
1159 3027 1237 3093 vitio
1250 3029 1337 3116 apud
1354 3030 1432 3097 istos

240 3131 387 3196 invectus
409 3138 469 3196 cst.
501 3129 562 3194 Per
585 3128 691 3193 iocum
714 3129 821 3218 potuit
839 3129 1063 3194 Anrsncnusuns
1082 3129 1190 3197 dicere
1211 3132 1241 3197 in
1263 3133 1349 3201 Pace
1366 3141 1432 3203 740

240 3243 305 3311 τοῖς
328 3234 465 3318 φθειρσὶν
488 3239 717 3312 πολεμοῦντες,
751 3243 783 3301 et
803 3252 897 3324 saepe
925 3234 1045 3300 dicitnr
1067 3256 1125 3323 pro
1146 3241 1234 3324 serre
1259 3260 1320 3305 ονοιι
1341 3264 1431 3329 pesse

240 3352 269 3408 οι
291 3340 458 3418 inscctari,
493 3339 549 3406 sed
579 3339 659 3404 nibil
680 3338 795 3406 horum
825 3348 958 3407 excusat
978 3339 1060 3406 hanc
1088 3343 1248 3408 scribendi
1269 3347 1430 3434 negligen-

242 3449 331 3513 tiam.
357 3486 401 3501 -
425 3445 486 3520 τοὶς
509 3450 610 3528 ῥοῖγαρ
636 3443 784 3516 ἕκοπτονε
803 3447 989 3534 vulpeculae
1016 3467 1094 3513 uvas
1117 3469 1179 3512 non
1205 3448 1356 3530 ἔνυττον,
1378 3452 1433 3520 aed

243 3553 407 3619 lubentius
430 3550 588 3626 ἔναττον,
625 3553 749 3638 opincr.
795 3553 948 3619 Recurrit
971 3551 1106 3619 ἔναττον
1130 3554 1184 3618 lll.
1210 3559 1263 3621 60.
1287 3561 1318 3623 E.
1356 3560 1434 3640 §2v

243 3658 372 3731 πνυκθςε
396 3656 466 3740 lege
489 3656 612 3731 πυκνός.
647 3696 692 3707 —
721 3657 897 3733 σιιαιθτιρτα
929 3657 1062 3738 τρθπουε
1087 3669 1211 3725 veteres
1229 3660 1359 3742 τρθποον.
1390 3698 1434 3721 -ψ-

246 3763 297 3827 ἐπὶ
321 3763 392 3835 τοὺς
422 3759 530 3826 ἕνδεκα
560 3763 714 3840 ἀγαγθνε
740 3771 917 3851 perpetuus
947 3770 996 3827 est
1024 3764 1057 3828 in
1090 3763 1209 3829 talibus
1239 3784 1318 3832 usns
1347 3788 1433 3835 ccm-

245 3867 342 3954 pnsiti
362 3868 557 3945 θπαγοογθν.
580 3867 605 3947 ὅ
625 3872 657 3932 5.
682 3865 821 3949 ἄθυρμαε
847 3874 959 3956 poetae
985 3869 1165 3935 sublectum
1190 3891 1248 3960 pro
1270 3875 1433 3954 παίγνιονι

245 3970 393 4052 προσηνές
416 3970 494 4056 quid
517 3971 562 4035 sit
583 3971 622 4035 in
649 3970 708 4035 tali
737 3992 858 4038 renen
882 3974 1051 4062 perspicio.
1075 4014 1121 4026 —
1143 3975 1266 4058 ντνρθνν
1304 3978 1434 4047 lectoris

246 4095 310 4140 nnn
327 4074 499 4140 admodum
523 4076 611 4140 acuti
644 4075 911 4143 additamentum.
943 4077 967 4166 §
996 4084 1028 4143 4.
1061 4083 1105 4158 μὴ
1130 4084 1239 4147 παθεῖν
1267 4085 1434 4165 θναμθνειν

245 4181 335 4247 ἄλλα
370 4181 426 4263 πρὸ
455 4187 510 4247 τοῦ
534 4183 644 4249 παθεῖν
682 4182 910 4267 φυλοθξοοσθαιε
942 4184 1054 4270 supple
1082 4188 1126 4264 μὴ
1150 4187 1185 4253 τὸ
1215 4190 1325 4255 παθεῖν
1358 4194 1433 4258 θνα·

244 4287 357 4367 μθνειν.

289 4393 391 4478 Epist.
412 4393 465 4455 λδ.
494 4389 558 4473 ἔχοι
589 4389 658 4459 οθνε
683 4394 809 4478 corrige
835 4393 916 4475 ἔχων
935 4392 984 4462 οὗν
1008 4405 1040 4462 et
1068 4397 1100 4461 in
1124 4418 1211 4485 seqq.
1241 4408 1359 4482 πρῶτον
1375 4404 1432 4483 μὲν

245 4507 309 4573 τοῖς
338 4500 413 4571 θεοῖς
440 4495 639 4579 οὶπνρξοθμνν.
676 4498 746 4588 §E
773 4501 815 4572 εἰς
840 4501 938 4566 νέωτα
958 4503 988 4566 δὲ
1012 4502 1133 4583 bigoto:
1158 4503 1228 4590 lege
1248 4508 1430 4590 προσδέχου.

243 4601 447 4692 imperativis
470 4605 627 4689 optativos
654 4604 851 4673 substituere
874 4607 1049 4673 Poetastris
1070 4608 1210 4677 solemne
1231 4621 1300 4692 est,
1323 4614 1429 4680 Nicru-
