3309 5750
731 654 796 714 313

173 848 221 915 his
242 849 347 915 verbis
366 848 432 938 ipse
451 844 637 935 Thrasyoles
656 847 846 914 helluonum
867 849 1009 914 omnium
1029 849 1253 939 gulosissimus.
1282 854 1347 923 Vo-

174 956 262 1021 lebat
290 955 397 1020 dioere
427 953 595 1020 lucratus
624 952 786 1019 duriores
811 953 1000 1035 λιχνότοιτος
1025 953 1078 1019 uel
1102 956 1344 1037 ἀπλκςότκτος,

173 1073 206 1128 et
228 1086 260 1128 se
280 1061 415 1126 mirifice
435 1060 571 1150 speravit
592 1083 658 1126 esse
678 1059 841 1137 locutum,
871 1082 972 1150 quum
991 1058 1054 1125 hoe
1074 1060 1119 1125 sic
1139 1060 1285 1143 dixisset,
1309 1079 1348 1132 ut

171 1180 219 1234 est
240 1170 274 1232 iu
293 1167 488 1258 [σκίρνάωκο
508 1171 565 1242 34,
592 1169 639 1231 14.
664 1164 681 1231 ό
702 1190 732 1231 τι
751 1190 808 1248 περ
828 1164 943 1247 όΦελός
957 1167 1059 1243 ε’σρκεν
1081 1171 1137 1238 τῆς
1158 1167 1344 1242 ἀττικίσεως

174 1274 314 1363 [ἀκρον],
351 1273 405 1339 ubi
430 1273 520 1353 ἀκρον
541 1272 695 1362 glossema
717 1283 782 1352 est,
812 1284 844 1337 et
871 1283 957 1337 recte
975 1270 1060 1361 apud
1085 1272 1346 1339 Anrsrorurrmu

170 1379 261 1448 Iden.
285 1384 360 1465 424.

417 1471 509 1538 troisli
532 1470 574 1534 τά
599 1474 707 1551 πρῶτοι
730 1476 785 1542 τῆς
810 1471 878 1535 ἐκεῖ
898 1467 1083 1549 μοχθηρίκς.

171 1612 311 1678 namque
335 1588 380 1654 sie
400 1588 466 1678 ipso
488 1588 585 1655 homo
604 1610 685 1653 unus
710 1611 748 1653 an
769 1586 878 1678 plures
885 1588 960 1677 flos
977 1588 1144 1653 delibatus
1153 1590 1278 1679 populi
1294 1590 1345 1656 di-

172 1695 257 1759 citur
284 1716 361 1759 esse.
408 1692 470 1758 Sed
501 1692 673 1760 absurdum
703 1706 751 1759 est
781 1691 844 1759 ότι
869 1693 1061 1788 περίβολος
1091 1714 1166 1759 curn
1186 1694 1346 1790 xvitiorum

170 1800 356 1866 nominibus
376 1802 570 1891 coniungere
595 1813 627 1866 et
649 1802 787 1867 suaviter
806 1800 925 1867 risisset
948 1800 1025 1865 civis
1046 1797 1170 1865 Atticus
1189 1802 1344 1890 quilibet,

172 1906 228 1994 qui
255 1906 399 1985 λιχνείαις
429 1907 481 1971 nael
511 1906 674 1981 danusiaco
698 1906 812 1989 ὄφελος
846 1903 1016 1973 audivisset
1045 1903 1217 1972 dicentem.
1266 1908 1343 1974 Tam

169 2010 347 2101 periculosa
369 2033 418 2076 res
439 2023 485 2075 est
505 2010 598 2075 nimis
618 2011 780 2101 eleganter
800 2023 832 2077 et
856 2011 1010 2101 exquisite
1032 2009 1138 2077 dicere
1158 2011 1258 2078 relle:
1283 2013 1343 2081 uisi

171 2116 311 2196 cavebis,
335 2115 462 2207 ineptus
481 2116 560 2193 eris,
584 2117 648 2197 όρῖξ
670 2117 732 2182 ἀνά
756 2117 882 2196 μέσσον.
1414 2199 1417 2205 ἢ

216 2222 400 2286 Percurram
421 2242 508 2285 nunc
529 2220 639 2286 ordine
660 2219 805 2286 Lucrum
823 2220 922 2286 libros
949 2232 981 2286 et
1002 2233 1037 2287 ut
1058 2223 1211 2313 quodque
1232 2224 1344 2291 vitium

171 2326 299 2393 dicendi
333 2337 495 2402 occurret,
529 2324 615 2414 quod
648 2324 779 2419 quidem
809 2327 932 2392 utiliter
957 2328 1166 2395 animadverti
1189 2342 1221 2395 et
1242 2333 1346 2396 notari

171 2433 289 2525 possit,
320 2433 430 2523 paucis
458 2454 598 2522 arguam.
644 2430 681 2495 In
705 2434 738 2509 1,
763 2435 812 2495 ll.
837 2432 1098 2511 ἀποβλεπόμενος
1122 2437 1261 2500 occurrit
1285 2457 1344 2526 pro

169 2538 448 2620 περιβλεπόροενος.
500 2538 570 2622 Quo
599 2560 692 2603 sensu
721 2537 904 2603 Eunffrnns
926 2536 1005 2602 dixit
1025 2540 1272 2619 venditarentur
1296 2542 1345 2606 τί-

169 2669 250 2726 μιον.
270 2682 316 2695 -
337 2643 421 2708 κενὸν
442 2644 499 2722 μὲν
522 2639 588 2717 οὖν,
610 2654 642 2707 et
666 2642 879 2723 περίβλεπτος
901 2641 1052 2708 dicebaut
1072 2655 1210 2722 ueteres,
1230 2644 1344 2712 eodem

170 2750 339 2817 Lucullus
358 2748 442 2813 male
462 2747 705 2825 ἀποβλέπεσθαι
725 2747 822 2826 dicit,
848 2761 883 2813 ut
902 2754 939 2827 3,
963 2753 1012 2814 13.
1036 2750 1171 2832 ζηλωτός
1193 2745 1270 2815 εἶνοιι
1288 2753 1342 2817 κκὶ

119 2934 125 2947 „
169 2855 411 2934 ἀποβλέπεσόκι
435 2864 466 2918 et
487 2853 574 2919 alibi.
619 2851 656 2918 lu
680 2858 719 2933 3,
740 2858 770 2920 2.
794 2854 865 2921 οὔτε
895 2863 1043 2928 κοινωνεῖς
1068 2860 1128 2921 τῶν
1157 2854 1266 2935 ὁμοίων
1290 2858 1343 2924 λό-

168 2987 252 3042 γων,
277 2960 428 3050 frequens
450 2959 512 3026 hoc
531 2959 565 3025 iu
589 2958 740 3026 Lucrino
759 2960 874 3026 sitium
893 2974 955 3040 est,
975 2960 1031 3051 qui
1050 2961 1156 3026 nescio
1179 2965 1343 3052 quomodo

168 3076 332 3150 κοινωνεῖν,
357 3065 443 3155 quod
463 3066 620 3146 μετέχειν
632 3067 787 3155 significat
807 3079 840 3132 et
858 3067 1013 3132 κοινωνίοιν
1034 3067 1137 3148 ἔχειν,
1162 3091 1221 3158 pro
1239 3096 1341 3150 ροετοι-

169 3171 282 3237 διδόνκι
310 3172 416 3238 dicere
444 3172 541 3248 solet,
567 3172 767 3240 confundens
786 3182 936 3239 κοινωνεῖν
960 3184 993 3238 et
1013 3179 1126 3238 κοινοῦν
1149 3175 1199 3239 vel
1217 3178 1342 3245 ἀνοικοι-

167 3278 302 3341 νοῖσόοιι.
338 3277 409 3342 vide
430 3281 489 3354 52,
512 3279 564 3341 34.
589 3275 697 3342 ἔλοιόον
722 3277 842 3358 ἕτοιιρος
869 3279 954 3358 οιύτῷ
977 3277 1030 3341 κκῖ
1055 3279 1184 3354 σωνιίόνς
1210 3281 1342 3361 γενόμε-

166 3405 214 3453 νος
239 3379 298 3449 όίςε
322 3381 446 3446 πόντων
473 3383 618 3446 ἐκοινώνει
641 3405 692 3460 μοι
722 3389 781 3447 τῶν
807 3383 1005 3463 ἀπορρήτων,
1032 3396 1087 3448 aut
1109 3387 1171 3462 70,
1195 3389 1245 3450 19.
1266 3389 1341 3452 ἀλο-

167 3486 311 3566 γώτοιτόν
334 3486 379 3554 ἔτι
406 3487 476 3558 τοὺς
506 3486 563 3564 μὲν
587 3488 671 3563 ἡμῶν
695 3487 921 3567 ὑπερπλουτεῖν
946 3487 999 3550 κοιῖ
1029 3492 1153 3570 τρνφάν
1178 3491 1210 3554 οὐ
1237 3516 1342 3556 κοινω·

167 3595 295 3661 νοῦντοις
319 3585 357 3653 ὧν
381 3588 488 3671 ἔχουσι
510 3597 574 3661 adr
598 3590 788 3670 πενεςέροις,
815 3593 943 3681 quaesi
969 3592 1040 3682 quis
1064 3592 1213 3659 Veterum
1235 3596 1340 3686 legere

165 3695 337 3785 potuisset,
366 3694 559 3761 contrarium
582 3717 679 3784 quam
702 3695 788 3786 quod
813 3697 932 3763 dieitur
949 3698 1126 3787 significare
1144 3700 1250 3766 ridens
1270 3704 1340 3768 aui-

151 3801 406 3868 'madvertissett
431 3801 577 3868 similiter
599 3804 655 3881 70,
678 3806 730 3868 33.
754 3803 802 3875 τίς
824 3804 888 3884 ράρ
917 3802 956 3868 ἀν
984 3805 1147 3885 φθονήσειε
1171 3808 1214 3886 τῷ
1240 3833 1342 3874 κοινω-

165 3911 264 3972 νοῦντι
299 3908 365 3996 [alul
395 3909 519 3996 διδόντι]
552 3914 611 3973 τῶν
636 3908 734 3983 ίδίωνς
771 3909 827 3974 ubi
856 3907 971 3974 sciolus
1002 3907 1159 3997 legentem
1191 3911 1340 3982 adiurare
1386 3971 1388 3974 ,

164 4013 283 4089 voluit,
307 4013 360 4079 sed
379 4014 576 4092 ρετκδιδόντι
600 4013 737 4080 debebat
756 4037 890 4106 ponere,
907 4025 939 4080 et
960 4017 1082 4092 32‚46.
1102 4015 1173 4082 οὔτε
1194 4017 1273 4102 edon
1290 4045 1339 4095 τις

165 4119 293 4200 ἐδέχετο
317 4118 387 4184 οὔτε
411 4119 503 4199 πυρός
529 4118 545 4192 ἢ
573 4118 682 4192 ὅδοοτος
703 4122 860 4188 ἐκοινώνει.
907 4120 944 4184 ln
966 4125 983 4208 §
1007 4123 1058 4186 15.
1078 4120 1196 4185 ἀκοόων
1217 4123 1337 4206 διεφόρ-

164 4222 257 4300 ρόπων
280 4221 433 4305 ἀσμάτων
455 4221 534 4312 quid
554 4231 634 4286 esset
654 4245 747 4288 nemo
772 4224 950 4290 Atticorum
969 4224 1150 4314 intelligere
1168 4228 1338 4315 potuisset,

165 4327 284 4417 quibus
315 4328 460 4410 διέφθοροι
487 4325 646 4415 significat
674 4327 864 4409 διέφίκρκοι,
899 4340 935 4394 ut
965 4329 1050 4418 apud
1078 4331 1339 4401 nursromimu

164 4436 196 4498 ἐν
219 4443 419 4527 Τκρννιςκῖς
445 4433 557 4524 fragm.
579 4450 629 4499 111.
1101 4469 1103 4472 ·

434 4540 485 4603 τὸν
509 4538 605 4619 ἀνδρκ
629 4542 737 4603 τοῦτον
760 4539 888 4619 βιβλίον
912 4540 1065 4624 διέφθορεν

435 4643 451 4717 i
476 4643 618 4723 Πρόδικος
644 4644 661 4718 ἢ
686 4650 745 4708 τῶν
768 4645 950 4726 ἀδολεσχῶν
973 4643 1017 4721 εἷς
1035 4648 1075 4726 γέ
1098 4673 1157 4722 τις.

166 4759 198 4812 et
226 4745 271 4810 sic
294 4758 476 4813 constanter
497 4772 605 4816 omnes
627 4750 773 4830 Veteres,
803 4749 937 4817 testibus
957 4752 1065 4818 multis
1087 4753 1215 4821 dicendi
1238 4754 1339 4842 magi-

1108 4872 1137 4909 23
