3309 5750
732 645 798 711 585

181 838 363 908 Atticorum
389 856 482 925 saepe
513 833 647 914 deserit,
681 848 717 902 ut
745 859 781 903 es
802 838 853 905 rel
871 838 1018 927 ignorare
1038 834 1183 903 rideatur
1201 837 1253 905 rel
1269 848 1357 905 certe

184 943 267 1010 nihil
296 963 416 1008 curere.
464 939 502 1005 ln
532 940 595 1007 ritu
624 940 778 1008 Periclis
808 963 877 1035 cep.
901 948 932 1011 3.
961 941 1085 1009 scribit:
1118 952 1270 1023 Περικλῆς
1292 945 1356 1026 γὰρ

184 1044 218 1122 ήν
255 1049 315 1113 τῶν
349 1046 406 1125 μὲν
432 1050 545 1126 φυλῶν
577 1048 833 1135 Ἀκαμαντίδης,
864 1056 923 1115 τῶν
954 1049 987 1114 δὲ
1021 1049 1137 1127 δήμων·
1155 1048 1356 1129 Χολαργεύς,

184 1175 250 1244 qno
282 1151 379 1218 modo
407 1173 501 1216 nemo
528 1172 680 1241 nmquam
702 1165 844 1220 veterum
865 1166 913 1220 est
934 1151 1072 1219 locutus.
1117 1152 1234 1218 Forma
1254 1151 1359 1218 Attica

184 1271 316 1350 apparet
338 1260 373 1323 in
392 1258 550 1324 Aristide
565 1280 635 1349 cup.
660 1261 688 1326 1.
703 1260 875 1341 Ἀριςείδής
890 1260 904 1323 ὃ
920 1258 1114 1339 Λνοιμιίχον
1129 1263 1235 1340 φυλῆς
1251 1259 1308 1337 μὲν
1323 1253 1358 1333 ἦν

185 1364 397 1445 Ἀντιοχίδος,
421 1367 481 1427 τῶν
505 1362 536 1426 δὲ
559 1363 662 1441 δήμων
687 1361 932 1442 Ἀλωπεκῆθεν,
950 1363 1007 1429 ubi
1027 1363 1155 1452 vulgate
1172 1363 1270 1429 lectio
1289 1376 1361 1431 eret

174 1470 235 1533 τδν
255 1469 287 1534 δὲ
307 1470 401 1546 δῆμον
419 1466 577 1531 tralaticio
597 1490 712 1546 errore,
722 1488 821 1558 quem
837 1467 1015 1559 numquam
1026 1467 1256 1533 commiserunt
1267 1475 1377 1534 rete·'

185 1596 253 1653 res,
272 1587 304 1640 et
323 1594 416 1663 saepe
437 1572 475 1637 iis
496 1572 645 1639 Graeculi
662 1574 817 1641 effricent.
853 1573 955 1657 Quem
972 1596 1087 1664 magns
1103 1574 1195 1663 copis
1213 1571 1360 1639 locorum

185 1691 233 1745 est
264 1678 322 1744 ubi
346 1678 391 1743 ite
418 1676 570 1743 scribitur
594 1691 630 1744 nt
655 1679 690 1744 in
716 1679 882 1746 Pirnoms
907 1678 1153 1769 Euthyplsrcne
1179 1686 1252 1767 pag.¹
1275 1681 1309 1762 22
1326 1696 1360 1745 n.

184 1785 229 1855 ἔτι
260 1786 292 1851 δὲ
329 1784 382 1849 riv
414 1785 510 1863 δῆμον
545 1783 696 1863 Πιτθεύς,
730 1785 763 1850 in
790 1782 852 1849 boc
876 1782 950 1850 loco
974 1794 1007 1849 et
1031 1780 1191 1847 similibus
1212 1781 1361 1849 omnibus

184 1888 408 1979 corrigendum
434 1911 501 1954 esse
519 1894 579 1953 τῶν
604 1888 706 1967 δήμων
727 1901 759 1955 et
784 1889 866 1955 ratic
887 1888 982 1954 dccet
1002 1900 1034 1953 et
1054 1888 1131 1953 boni
1151 1887 1228 1953 libri
1243 1888 1362 1980 saepis·
1444 1932 1447 1938 -

184 1996 261 2062 sime
289 1995 492 2061 confirment.
539 1992 641 2059 Recte
669 2016 756 2060 nunc
784 1993 892 2060 editur
922 1994 956 2059 in
989 1992 1207 2059 Themistocle
1232 2016 1302 2085 cap.
1332 1996 1362 2074 1,

183 2100 355 2173 Νεοκλέους
394 2099 555 2181 Φρεαρρίου
590 2105 649 2164 τῶν
688 2101 811 2180 δήμων,
851 2101 913 2166 nisi
942 2099 1031 2191 quod
1064 2100 1272 2168 Athenienses
1300 2105 1361 2167 τῶν

142 2253 145 2258 -
179 2206 288 2283 δήμων
308 2203 375 2269 fere
395 2224 591 2292 praeponere
611 2204 726 2270 solent.
766 2204 849 2270 Vide
874 2205 1088 2272 Umbennum
1108 2205 1147 2270 nd
1167 2204 1246 2271 beec
1267 2205 1363 2273 verbu

185 2308 417 2374 llnntosrnttnls
435 2331 466 2396 p.
492 2310 596 2385 1003,
620 2311 669 2373 15.
690 2308 757 2374 sieri
776 2334 848 2389 μοι,
866 2312 995 2389 Βοιωτέ,
1018 2310 1107 2378 τίθεν
1128 2308 1179 2375 νῦν
1197 2314 1362 2391 Ἀκαμαν-

184 2411 266 2485 τίδος
306 2417 419 2493 φυλῆς
448 2410 585 2489 γέγονας
623 2410 676 2475 καὶ
715 2414 775 2477 τῶν
813 2415 917 2493 δήμων
955 2415 1113 2496 Θορίκιος;
1156 2414 1213 2480 uhi
1253 2438 1363 2482 omnes

186 2516 311 2583 cedices
341 2515 393 2579 τὸν
425 2515 519 2593 δῆμον
548 2513 588 2580 de
608 2538 697 2583 more
717 2516 887 2597 exhibent,
913 2540 995 2584 unus
1015 2517 1053 2598 S,
1076 2531 1112 2586 ut
1132 2518 1214 2586 solet
1222 2568 1232 2599 ,
1256 2542 1363 2586 rerem

185 2621 358 2687 lectionem
381 2630 485 2685 serrat
505 2619 600 2687 solus.
650 2620 751 2704 Quam
772 2623 973 2713 negligenter
994 2624 1118 2714 scripsit
1138 2623 1364 2693 Psunnnenus

187 2725 221 2792 in
239 2726 397 2794 Aristide
420 2746 489 2815 unp.
510 2730 541 2790 3.
559 2725 729 2805 μέλλοντος
758 2728 789 2793 δὲ
815 2735 870 2795 τοῦ
896 2730 1070 2811 τροίδρον
1092 2731 1144 2795 τὸν
1165 2731 1259 2811 δῆμον
1278 2736 1364 2799 ἐτε-

186 2843 307 2924 ρωτῐιν
333 2876 373 2888 -
396 2837 499 2915 estes
526 2843 580 2905 τοῦ
607 2839 839 2923 ψηφίσματος,
862 2864 922 2933 pro
947 2846 1001 2907 τοῦ
1021 2839 1171 2911 terestres
1196 2851 1227 2910 et
1247 2840 1362 2920 ἕτιψνι·

184 2946 297 3029 φίζειν.
345 2945 383 3010 ln
408 2967 477 3037 cap.
506 2949 525 3010 4
553 2945 688 3036 pessime
709 2946 826 3038 legitur
845 2949 948 3030 κρίνων
973 2948 1106 3020 ἰδιώταις
1132 2946 1202 3014 δυσί
1219 2967 1279 3036 pro
1300 2941 1363 3024 κρί-

187 3074 241 3115 νων
259 3048 415 3116 δίαιταν
439 3051 526 3129 δυσί,
551 3050 605 3116 sed
626 3052 734 3133 κρίνειν
759 3053 884 3118 δίαιταν
906 3075 973 3118 nou
994 3052 1105 3118 sumsit
1126 3051 1166 3117 eb
1185 3051 1364 3118 Athenien·

188 3153 283 3220 sibus.
316 3154 353 3220 ln
375 3178 443 3246 cap.
466 3159 510 3222 24
532 3152 649 3222 dicitur
668 3157 821 3222 Aristides
831 3153 891 3231 ’τήν
906 3158 1099 3239 ἀπογραφήν
1115 3163 1174 3222 τῶν
1188 3156 1363 3238 χρημάτων

188 3262 396 3336 τοιήσαοίιιι,
427 3274 459 3326 et
486 3274 607 3329 veteres
634 3263 666 3327 in
696 3286 733 3328 ea
757 3287 792 3329 re
820 3286 930 3329 omnes
948 3263 1045 3341 rell-'er
1067 3262 1233 3340 dicebant,
1257 3263 1272 3326 ὁ
1292 3263 1364 3333 τοὺς

186 3363 297 3445 Φίροος
322 3364 426 3441 τοίξας
455 3374 519 3438 τοῖς
541 3366 696 3441 Ἕλλησιν
725 3368 907 3448 Ἀριςείδής.
940 3366 1002 3434 vid.
1032 3366 1249 3434 insomniis
1266 3365 1307 3432 F.
1325 3364 1365 3431 l.

188 3474 206 3557 ς
229 3473 283 3537 23.
300 3475 337 3535 in
356 3467 504 3562 Ctesiplu
521 3475 539 3557 ς
557 3474 634 3538 258.
651 3474 860 3554 Ἀτορραφήν
880 3475 1034 3543 ctesicles
1051 3484 1098 3539 est
1116 3497 1248 3538 censum
1264 3493 1366 3562 agere

189 3588 221 3643 et
245 3576 285 3642 de
305 3576 457 3643 Romanis
477 3576 540 3641 dici
562 3576 653 3642 solet.
699 3577 840 3642 Τοίττειν
863 3578 933 3651 τοὺς
960 3579 1071 3660 φόρους
1095 3579 1296 3646 reddendum
1318 3589 1366 3645 est

188 3682 392 3749 Punrsncno
421 3684 454 3748 in
484 3683 642 3749 Aristide
668 3703 737 3772 cup.
770 3685 827 3760 26,
860 3683 915 3748 nbi
941 3681 993 3749 irs
1018 3686 1090 3778 τοὺς
1113 3685 1225 3767 φίρονς
1250 3683 1365 3749 ἔταττε

189 3788 363 3877 legendum
389 3810 448 3878 pro
479 3785 636 3868 ἔπραττε,
663 3806 745 3876 quae
768 3785 864 3851 serbe
889 3809 926 3852 ex
948 3784 1107 3854 Gnsrnso
1128 3786 1311 3878 descripsit,
1334 3798 1366 3853 et

189 3894 223 3958 in
254 3917 322 3983 cup.
344 3899 397 3961 27.
423 3893 496 3973 μηδ’
514 3892 654 3975 ἐντάφια
678 3892 909 3968 καταλιπόντι,
935 3893 1011 3983 quie
1041 3891 1103 3958 hoc
1123 3893 1298 3959 absurdum
1313 3903 1366 3959 est

191 3997 276 4063 haud
309 3999 373 4065 scio
403 4021 443 4063 an
475 3998 698 4083 Pcnrsncuns
721 3997 880 4088 scripserit
898 4000 977 4078 μηδὲ
1002 4005 1165 4084 ταφῆναι,
1188 4023 1270 4092 qnae
1289 4008 1366 4065 note

192 4115 240 4173 est
262 4105 296 4170 in
321 4124 357 4170 ee
381 4126 415 4170 re
438 4103 576 4181 locutio,
599 4115 635 4168 ut
659 4104 692 4169 in
715 4103 818 4171 Pluto
841 4129 885 4172 rs.
909 4109 985 4173 556.

262 4212 287 4277 εἰ
311 4207 503 4292 circipene
528 4206 580 4270 καί
606 4209 770 4288 μοχθήσας
795 4209 988 4291 καταλείψει
1011 4211 1091 4290 μηδὲ
1113 4216 1268 4294 ταφῆναι.

190 4327 223 4383 et
245 4314 279 4380 in
304 4314 491 4379 Ecclesiae.
514 4333 558 4377 rs.
583 4314 658 4376 591.
1140 4315 1143 4320 ’

230 4442 235 4449 ·
346 4421 398 4485 riv
422 4419 479 4497 μὲν
502 4415 764 4496 πλουτεῖν-τῷ
789 4413 918 4483 δἐἶναι
942 4417 1020 4496 μηδὲ
1043 4423 1198 4502 ταφῆναι.
1254 4462 1256 4468 1

190 4524 228 4590 ln
248 4523 311 4590 rita
329 4523 461 4590 Solonis
480 4544 550 4612 cep.
565 4523 605 4608 18
624 4542 683 4611 pro
703 4525 763 4584 τῶν
779 4519 877 4598 νίμων
892 4522 1106 4601 κνριεήοοντας
1119 4519 1366 4616 ωοίοβῐιιτιιιιε

190 4631 385 4710 κυριεύοντας
409 4627 514 4708 dedit,
532 4627 674 4718 recipere
694 4623 833 4691 debebat
850 4624 966 4706 κνριόνς
985 4625 1094 4704 ὄντας,
1112 4639 1148 4694 ut
1167 4626 1366 4718 nescioquis

191 4735 364 4803 rectissime
392 4734 544 4813 correxit,
567 4743 690 4823 etpost
711 4729 966 4822 peucaernendc
987 4733 1083 4800 ταντὶ
1107 4727 1253 4814 λαχεῖν
1279 4731 1364 4810 δίκήν
1420 4803 1422 4808 ,
