3309 5750
765 621 831 686 224

212 829 299 884 recte
317 804 492 882 locutus
514 817 551 893 8,
570 813 629 891 20,
649 815 681 879 2.
705 810 786 886 θτιος
809 814 856 893 μὴ
872 813 967 879 κκκθν
991 813 1174 895 ἐντρίψησθε
1199 812 1280 903 (leg.
1295 811 1397 895 ἕντρά·

213 922 327 1010 ψεσθε)
354 923 397 1003 τῷ
418 918 584 1002 νεανίσκῳ,
619 916 695 1007 quia
723 917 756 982 id
785 919 823 983 δι’
847 917 955 999 ἑτέρον
981 917 1122 984 facturae
1142 937 1210 984 esse
1236 917 1397 985 rideban-

215 1038 282 1104 tur,
306 1037 338 1090 et
359 1023 541 1090 luculenter
566 1027 592 1087 l.
613 1027 631 1111 §
656 1025 707 1088 15.
730 1022 862 1100 τλνχάς
884 1025 938 1088 οὐκ
959 1023 1072 1102 ὀλίγας
1097 1048 1149 1103 μοι
1173 1025 1254 1105 χθὲς
1279 1024 1396 1105 ἐνετρί-

214 1136 313 1213 ψατο.
362 1129 400 1194 ln
429 1133 522 1218 §lu
553 1124 634 1200 ὅπως
664 1124 765 1207 ἔχοιεν
790 1130 900 1192 κοινάν
925 1128 985 1201 τάς
1011 1128 1140 1208 άγυιάς.
1189 1121 1395 1195 Dubitabant

214 1234 356 1324 magistri
390 1247 501 1300 utrum
531 1234 639 1297 κνισάν
670 1229 788 1310 άχυιάς
821 1254 862 1296 an
890 1233 1009 1310 άχυιάς
1045 1232 1142 1299 Attici
1169 1233 1333 1314 dixerint,
1362 1232 1394 1299 id

215 1351 264 1406 est
292 1352 400 1405 utrum
429 1339 489 1410 τάς
513 1336 597 1409 άθοθς
625 1359 666 1401 an
693 1336 763 1409 τοὺς
791 1337 917 1416 βωμοὺς
946 1342 1000 1402 τοῖο
1026 1340 1160 1416 Ἀχυιῶς
1190 1339 1393 1413 ’Λπόλλωνος

134 1431 137 1436 ’
212 1448 321 1510 κνιοάν
342 1444 534 1509 dicerentur.
570 1440 640 1507 vid.
661 1440 976 1517 Hlnrocnsarountt
996 1466 1027 1511 τ.
1047 1446 1200 1523 Ἀχοιάς,
1227 1444 1282 1510 cui
1303 1444 1391 1521 ride:

213 1560 269 1615 tur
284 1551 414 1630 ,βέλτιον
439 1550 596 1629 τεριτιιάυ
616 1548 655 1619 ὥς
675 1546 740 1611 atat
762 1551 816 1611 τοῦ
841 1548 1000 1627 Ἀγυιεύς.
1034 1548 1076 1615 At
1096 1569 1161 1614 non
1182 1560 1232 1614 est
1250 1550 1277 1615 is
1299 1550 1393 1617 ΗΔΒ·

215 1675 422 1736 recusaret,
451 1678 547 1746 quern
567 1655 600 1719 in
622 1653 671 1719 his
692 1664 763 1719 tuto
783 1654 933 1745 sequaris
978 1660 1094 1721 Κνιοῖιν
1116 1655 1236 1735 άχυιάς
1256 1678 1327 1722 non
1347 1667 1393 1723 est

215 1764 323 1831 Attica
347 1763 462 1843 dictio,
494 1761 549 1828 sed
579 1772 669 1827 retus
693 1759 804 1827 lonica
834 1773 866 1826 et
890 1760 1033 1852 poetica,
1062 1783 1126 1852 qua
1152 1762 1332 1828 utebantur
1358 1762 1391 1828 in

219 1866 355 1933 oraculis
374 1879 406 1932 et
423 1867 569 1932 formulis
588 1864 778 1932 sacerdotali
798 1891 943 1934 sermone
964 1870 1139 1960 conceptis:
1160 1881 1313 1943 utinemo
1335 1868 1393 1935 lr-

216 1974 355 2039 ticornm
383 1973 511 2038 dicebat
537 1976 645 2038 κνιτάν
666 1996 725 2063 pro
744 1976 873 2054 θυμιάυ,
905 1975 950 2039 εἰο
968 1976 1086 2053 άνυιάς
1108 1995 1240 2066 quoque
1258 1997 1326 2040 non
1345 1984 1391 2039 est

216 2091 357 2147 sumtum
377 2102 414 2147 ex
433 2102 578 2146 sermone
598 2079 763 2169 populari,
782 2076 836 2144 sed
856 2102 894 2146 ex
913 2079 1044 2169 antiqua
1065 2080 1176 2170 lingua
1196 2092 1392 2148 revocatum.

216 2184 349 2252 Videbis
381 2189 489 2251 κυιοάυ
512 2186 630 2264 άχυιάς
660 2184 692 2250 in
722 2184 909 2251 huiusmodi
936 2184 1048 2275 priscis
1075 2185 1272 2252 carminibus
1298 2185 1393 2252 sacris

215 2305 403 2386 perpetuam
420 2292 526 2358 sedem
543 2289 677 2370 babere,
697 2289 782 2381 apud
794 2289 1081 2381 Duuosrnuunorp.
1094 2294 1232 2372 530‚28.
1243 2304 1277 2383 p'.
1294 2295 1395 2385 1072,

220 2404 271 2466 12.
291 2398 325 2464 in
347 2397 476 2464 oraculo
498 2396 672 2462 Dodonaeo
692 2396 810 2462 Dorico
828 2397 888 2469 τάς
904 2397 1023 2474 άχυιάς
1040 2398 1216 2469 κνιοῆυκαὶ
1235 2406 1394 2479 κρατῆρας

216 2507 349 2589 ῖςάρεν,
384 2518 415 2573 et
443 2506 478 2571 in
506 2506 751 2573 Anrsrornrrus
771 2504 956 2594 Equitium
980 2482 1076 2569 1319‘.
1095 2514 1127 2569 et
1147 2504 1396 2572 Avitustaao.

218 2626 358 2704 utroque
376 2613 449 2678 loco
470 2619 567 2702 poeta
592 2634 657 2676 non
678 2611 780 2676 utitur
799 2608 952 2676 sermonis
972 2608 1152 2699 quotidiani
1171 2609 1398 2701 simplicitate,

220 2720 275 2788 sed
296 2719 432 2809 tragicae
453 2717 602 2784 dictionis
621 2715 904 2807 magniloquentia.

441 2812 670 2903 ’μηλοσφαγεῖν
693 2846 730 2889 τε
753 2821 914 2901 βουθύτοις
938 2821 989 2887 ἔνι’
1012 2818 1167 2903 ἐσχάραις
1212 2856 1234 2884 a

445 2929 553 2990 κυιοάν
576 2927 606 2988 τ’
629 2927 760 3004 άχυιάς.
1182 2938 1184 2943 ’

221 3035 310 3101 etin
334 3033 408 3099 loeo
433 3030 620 3120 Equitum:
1155 3121 1158 3125 Ι

264 3137 285 3206 ὦ
308 3148 381 3212 ταῖς
405 3139 501 3219 ἱεραῖς
526 3136 666 3219 ἐπίκουρε
688 3138 801 3221 φανεὶς
825 3139 924 3215 νάσοις
949 3138 1002 3205 καὶ
1025 3138 1158 3223 Φέχγος
1175 3139 1342 3220 Ἀθάναις,

263 3245 322 3312 τίν’
345 3243 427 3326 ἔχων
450 3243 561 3325 Φάρακα
583 3243 707 3322 dynato
732 3241 814 3320 ἥκεις
840 3246 892 3326 ἐφ’
917 3240 976 3325 θτιρ
999 3249 1151 3322 κνισῶμεν
1174 3243 1306 3322 άχυιάς.

221 3337 288 3420 rem
317 3349 458 3416 coniecit
484 3348 517 3413 in
539 3347 697 3437 ‚Lucttuo
725 3347 857 3438 quidem
884 3346 1017 3435 (lode.
1038 3347 1094 3438 qui
1113 3371 1173 3436 pro
1192 3349 1312 3426 άχυιάς
1338 3347 1397 3422 τάς

220 3457 339 3539 άροιάς
361 3454 470 3534 dedit,
497 3452 643 3519 utnulla
664 3452 704 3520 sit
724 3455 823 3545 optio.
873 3452 1160 3542 Assentiorigitur
1173 3452 1400 3528 llnusrnunu-

221 3562 330 3629 stood
353 3560 385 3628 h.
407 3561 447 3639 l.,
477 3571 509 3625 et
533 3557 843 3627 tht’ocutrrottnu
863 3557 1088 3648 intempestiva
1110 3557 1293 3623 eruditione
1314 3557 1399 3627 hanc

184 3703 188 3715 ·
220 3654 348 3736 futilem
382 3666 627 3734 controversiam
660 3666 812 3733 excitasse
843 3665 995 3756 suspicor.
1051 3664 1088 3730 ln
1119 3665 1184 3730 fine
1211 3664 1399 3755 eiusdem§

224 3801 283 3869 pro
307 3774 532 3854 διεξελέγχετε
554 3772 627 3837 satis
647 3771 707 3836 erit
719 3773 928 3852 ἕξελὲχχετεε
947 3771 1096 3860 frequens
1116 3782 1163 3836 est
1184 3770 1402 3870 dittographia

221 3884 256 3947 in
277 3882 357 3960 διεξ,
393 3879 448 3943 ubi
476 3875 594 3942 dubius
622 3875 732 3943 haeret
760 3877 864 3942 scriba
890 3888 998 3943 utrum
1025 3879 1052 3942 θι
1072 3900 1111 3943 an
1133 3877 1168 3956 ἐξ
1191 3877 1236 3942 sit·
1253 3879 1409 3967 scribon-*¹

226 3986 303 4052 dum
324 3984 457 4074 apponit
478 3994 661 4071 utrumqne.
1330 4050 1332 4055 Ι

252 4091 309 4155 ‘ln
342 4088 481 4177 Dialpgis
510 4087 650 4152 Deorum
678 4091 714 4165 8,
738 4087 765 4152 1.
786 4087 804 4171 S
825 4089 855 4150 2.
878 4091 968 4152 τοῦτο
991 4089 1075 4171 <blm
1110 4086 1224 4178 supple
1251 4087 1285 4158 ,τί
1308 4095 1401 4156 τοῦτο

222 4197 309 4284 diss
335 4194 377 4262 ll.
397 4198 414 4281 §
436 4199 467 4259 2.
492 4191 734 4273 ἐπιτυγχάνειν,
761 4215 871 4258 rerum
890 4204 937 4258 cst
955 4194 1142 4275 τυγχάνειν.
1167 4193 1403 4280 112821116-

225 4305 288 4370 lins
318 4309 383 4374 τοῖς
408 4301 587 4389 {cuiquam
606 4302 666 4362 τῶν
690 4299 765 4364 ἐκεῖ.
801 4297 858 4366 lv,
881 4301 898 4385 §
920 4305 951 4366 2.
980 4303 1005 4366 εἰ
1026 4303 1053 4368 ,δ’
1069 4298 1206 4378 άτάξεις
1231 4325 1285 4379 με.
1321 4301 1402 4392 quid

227 4408 288 4476 sibi
306 4406 375 4474 rult
393 4402 533 4482 άτάχειν
554 4401 587 4467 in
609 4426 646 4468 ea
666 4403 732 4468 rel>
749 4426 869 4494 repone
888 4406 1056 4483 εἰιανάξεις
1076 4416 1108 4470 et
1129 4406 1147 4489 §
1164 4409 1193 4470 4.
1212 4408 1399 4477 καταθεῖναι

227 4518 258 4590 ἐς
281 4514 336 4589 τὴν
360 4518 420 4592 γῆν
449 4509 638 4600 pervulgato
665 4532 770 4598 errore
797 4535 857 4601 pro
880 4512 1024 4576 ’καθεῖναι
1054 4511 1293 4601 scriptumest,
1317 4512 1403 4579 male

232 4622 326 4690 etiam
344 4619 379 4684 τὸ
400 4617 498 4694 άδιςον
519 4640 577 4707 pro
596 4616 707 4692 θδιςον.
741 4615 780 4698 Υ.
808 4618 825 4702 §
845 4621 877 4682 3.
902 4616 1157 4699 ἕκτεθνλυμέυῳι,
1173 4639 1239 4683 non
1266 4618 1405 4686 arbitror

227 4721 412 4794 huiusmodi
432 4721 566 4801 formas,
580 4722 692 4811 quales
714 4721 829 4796 multas
849 4719 1090 4812 libri-exhibere
1109 4723 1229 4806 solent,
1245 4719 1400 4816 umquam
