3309 5750
745 658 808 721 187

185 873 249 943 que
280 851 494 919 Professorem
525 852 607 919 hene
639 852 744 919 valere
773 852 900 918 iubeats
934 848 955 916 ὦ
989 850 1192 934 Σεναχηρεὶμ
1224 849 1362 920 κάλλνεε

182 966 311 1031 πολλοῖς
349 960 402 1024 καὶ
438 959 544 1038 λθνοις
573 960 706 1038 θνομαςὲ
743 958 796 1024 καὶ
828 957 982 1040 πράξεσι,
1020 956 1072 1022 καὶ
1105 956 1276 1039 Ἀνδρθννκε
1300 963 1358 1030 τῆς
1435 980 1440 988 ’

181 1072 411 1142 γραμματικῆς
434 1064 600 1146 ἀκριβείας
621 1063 768 1144 διάδοχε,
805 1075 838 1129 et
864 1087 921 1129 nos
949 1063 1100 1128 lubenter
1122 1074 1153 1127 et
1179 1061 1358 1152 Imperato-

183 1189 251 1233 rem
281 1168 385 1237 valere
414 1169 563 1235 iubemus
594 1182 626 1235 et
654 1169 889 1237 Florentinum
919 1168 1073 1236 Codicem
1103 1169 1293 1263 deponimus
1317 1168 1357 1233 de

181 1274 338 1341 munibus.
1329 1278 1332 1284 '

624 1534 789 1605 CAPUT
824 1534 908 1605 vrtr.

228 1809 444 1876 Intermissum
474 1812 571 1877 telam
590 1834 753 1879 resumens
775 1834 960 1903 percurram
980 1815 1121 1904 primum
1142 1816 1356 1882 Anacharsi·
1410 1849 1412 1854 .

178 1916 254 1982 dem
285 1921 337 1983 49.
360 1921 390 1983 2.
416 1918 669 1998 ὑποβαλλόμενον
697 1920 732 1985 in
752 1920 905 1985 acristum
930 1921 1051 2011 redinge
1071 1934 1103 1987 et
1124 1924 1142 2008 §
1162 1928 1192 1989 3.
1217 1919 1375 1999 αἵματος·

178 2024 263 2104 αὐτῷ
287 2022 339 2087 κοά
363 2022 501 2104 ψάμμον
525 2024 752 2101 ἀναπέπληςαι
770 2026 805 2090 τὸ
826 2026 913 2105 ςθμα
933 2026 998 2105 πὺξ
1019 2029 1057 2101 ιθς
1075 2029 1147 2112 ὁρᾷς
1169 2024 1355 2107 παταχθέν-

177 2152 229 2201 τος
251 2130 282 2200 ἐς
299 2129 355 2202 τήν
375 2128 487 2206 γνάθον
510 2129 726 2196 animadverte
747 2131 988 2220 compositionis
1008 2132 1203 2198 scabritiem:
1223 2143 1259 2196 ut
1275 2130 1354 2196 haec

179 2232 262 2297 bene
292 2231 377 2297 dicta
408 2234 472 2298 sint
499 2256 644 2323 expungo
674 2237 759 2317 αὐτῷ
788 2248 820 2301 et
847 2237 918 2326 lege
945 2237 1126 2319 ταταχθεὶς
1150 2241 1206 2313 τήν
1228 2236 1352 2318 γνάθον.

178 2338 292 2405 Graeci
320 2337 433 2403 dicunt
460 2338 628 2417 βέβνσμαι
653 2340 688 2404 τὸ
713 2339 815 2418 ςθμα,
841 2340 1094 2421 ἀναπέπλησμαι
1123 2344 1159 2408 τὸ
1180 2342 1265 2421 ςθμα
1295 2363 1355 2434 pro

176 2442 242 2526 ἔχω
265 2445 301 2509 τὸ
326 2442 413 2522 ςθμα
438 2443 654 2522 βεβυσμένον,
680 2441 848 2508 ἀνάπλεων
871 2456 903 2509 et
928 2445 1017 2524 sim,
1050 2458 1086 2510 ut
1112 2448 1270 2527 τέτρωμαι
1299 2447 1355 2521 τήν

176 2549 339 2632 κεφαλήν,
363 2548 552 2627 πεπήρωμαι
572 2554 628 2620 τῆν
652 2554 763 2627 χεῖρα,
788 2548 1026 2628 ἐμπεπθδισμαι
1050 2552 1092 2614 τω
1116 2550 1190 2615 πόδε
1221 2563 1253 2615 et
1281 2574 1356 2640 pas-

177 2655 236 2721 sim
257 2653 404 2719 similiter
421 2653 454 2717 in
474 2652 606 2717 coeteris
626 2653 768 2741 corporis
788 2654 942 2742 partibus.
977 2652 1030 2719 Sic
1046 2654 1165 2720 dicitur
1185 2657 1353 2734 ἀπετμήθη

174 2763 232 2838 τήν
251 2760 411 2842 κεφαλήν,
433 2758 579 2835 ἀπεκόπη
597 2759 653 2832 τήν
672 2756 792 2836 tetdo,
816 2758 967 2835 ἐξεκόπην
985 2762 1036 2825 τὸν
1054 2760 1234 2843 ὀφθαλμόν,
1255 2762 1355 2835 ἕτλή·

174 2892 236 2949 γην
262 2867 314 2931 τθν
343 2860 441 2944 ὦμον,
467 2866 620 2946 ἐξετμήθη
646 2867 701 2941 τήν
727 2872 898 2945 γλῶτταν,
927 2867 1147 2951 διεφθαρμένος
1173 2868 1208 2933 τθ
1238 2876 1352 2948 σῶμα,

173 2970 426 3054 περιτετιλμένος
452 2972 494 3036 τά
519 2972 638 3053 τ’τερά,
673 2983 705 3036 et
736 2971 808 3061 quis
836 2993 902 3036 non
932 2972 1118 3038 recordatur
1143 2973 1354 3063 pulcherrimi

174 3080 240 3146 luci
268 3078 500 3144 Durrosrnuurs
519 3102 588 3169 pro
616 3077 747 3143 Corona
775 3103 806 3169 p.
828 3082 904 3144 247.
937 3079 1031 3159 ἑώρων
1056 3080 1108 3143 τὸν
1135 3080 1291 3146 Φίλιππον
1315 3118 1354 3135 -·

173 3186 225 3251 riv
253 3185 419 3266 θφθαλμθν
443 3184 687 3262 ἐκκεκομμένον,
719 3185 775 3258 τήν
802 3192 890 3249 κλεῖν
920 3182 1125 3260 κατεαγότα,
1154 3185 1210 3258 τήν
1233 3196 1350 3268 χεῖρα,

171 3292 208 3356 τὸ
236 3289 346 3361 σκέλος
382 3290 610 3370 πεπηρωμένον.
671 3286 867 3378 Conquiram
898 3288 1036 3377 paucula
1064 3310 1083 3351 e
1112 3287 1280 3370 Lucurro,
1315 3304 1352 3357 ut

174 3393 295 3460 Lrsrrn
317 3393 472 3458 laboranti
492 3416 684 3460 succurram.
731 3396 833 3460 Recte
853 3395 971 3484 legitur
991 3398 1044 3472 41,
1067 3397 1116 3458 10.
1141 3394 1220 3470 ήδιον
1240 3395 1278 3460 ἀν
1297 3421 1349 3475 μοι

171 3501 247 3564 δοκῶ
270 3500 489 3577 ἀποτμηθῆναι
515 3500 570 3573 τήν
594 3499 707 3577 tetros.
742 3503 759 3585 §
785 3502 836 3565 11.
862 3503 895 3565 οὐ
919 3502 975 3574 τήν
999 3500 1103 3576 δεξιὰν
1130 3497 1230 3580 ὥσπερ
1258 3502 1348 3579 ὑμεῖς

171 3604 262 3669 ἀλλά
284 3604 339 3677 τήν
365 3610 514 3682 γλῶτταν
535 3606 753 3684 ἀποτμηθῆναι
774 3604 882 3670 κκλθν.
910 3607 995 3689 §35.
1019 3611 1074 3676 τῆς
1092 3602 1196 3680 δεξιοῖς
1214 3605 1349 3686 πεφρθν-

171 3732 264 3780 τικας
287 3709 332 3786 μή
356 3708 569 3787 ἀποτμηθείης
595 3711 703 3785 αὐτήν.
731 3713 748 3796 §
772 3713 825 3777 62.
850 3709 991 3790 ὁπότερον
1014 3711 1098 3786 ήμῶν
1123 3708 1220 3790 ήτήν
1242 3713 1347 3788 γλῶτ-

171 3838 231 3879 ταν
264 3813 281 3889 ῆ
311 3815 368 3895 τήν
397 3814 500 3891 δεξιάν
530 3797 769 3891 ἀποτετμῆσθαι
803 3814 874 3880 θέοι.
906 3827 938 3880 et
963 3818 980 3901 §
1003 3819 1058 3879 63.
1090 3825 1122 3877 et
1152 3814 1198 3878 sic
1226 3827 1345 3884 veteres

172 3942 284 3986 omues
312 3929 495 3982 constanter
522 3917 622 4008 loqui·
643 3918 773 3984 ridebis.
823 3918 917 3986 Certa
937 3921 1034 4010 igitur
1055 3919 1213 3984 medicina
1235 3945 1346 3988 emen-

170 4026 303 4093 dabitur
319 4024 409 4089 locus
431 4024 551 4088 Lrsrsu
564 4023 622 4104 VI,
635 4028 687 4091 26.
711 4029 743 4092 οὐ
760 4025 851 4104 μθνον
873 4027 924 4092 τὸν
944 4027 1075 4092 θάνατον
1089 4027 1239 4108 ἐφοβεῖτο
1255 4030 1344 4096 ἀλλά

169 4133 223 4214 καὶ
258 4131 300 4196 τά
334 4132 403 4194 καθ’
436 4129 554 4210 ἡμέραν
583 4130 763 4210 αἰκίσματα
795 4130 929 4209 οθθμενος
957 4132 1000 4196 τά
1027 4132 1202 4210 ἀκρωτήρια
1235 4132 1345 4214 ζῶντος
1378 4187 1382 4194 .

169 4235 463 4320 ἀποτμηθήσεσθαι,
497 4235 562 4300 imo
593 4259 666 4300 vero
696 4237 769 4318 ζῶν,
802 4258 876 4300 nam
905 4237 1066 4306 τεθνεῶτος
1096 4235 1130 4298 in
1155 4257 1192 4299 ea
1214 4238 1345 4304 referri

168 4353 293 4434 potest,
326 4341 434 4422 ζῶντος
465 4362 530 4405 non
555 4352 671 4431 potest.
720 4340 907 4406 Rectissime
931 4338 1010 4404 dirit
1031 4339 1214 4406 Xuncruon
1234 4345 1344 4412 Anao.

169 4446 298 4513 1.x.1.
333 4448 467 4512 ἐνταῦθα
499 4449 534 4522 δή
567 4449 664 4528 Κύρου
697 4446 912 4526 ἀποτέμνεται
941 4446 957 4520 ή
988 4446 1117 4527 κεφαλή
1144 4446 1196 4509 καὶ
1227 4449 1298 4530 χεὶρ
1325 4453 1342 4527 ή
1393 4467 1395 4472 ·

169 4552 258 4631 δεξιοὶ
282 4563 315 4619 et
335 4564 445 4619 contra
464 4551 507 4619 ΙΙ.
528 4573 571 4636 ιι,
593 4557 645 4618 29.
668 4553 820 4619 ἀπέθανον
841 4550 1005 4631 Κλέαρχος
1028 4550 1081 4614 καὶ
1105 4553 1131 4615 οἱ
1154 4549 1248 4616 ἀλλον
1268 4577 1344 4633 ςρα-

168 4658 260 4738 πηροὶ
282 4657 516 4737 ἀποτμηθέντες
539 4658 600 4732 τάς
626 4648 794 4741 κεφαλάς,
828 4678 945 4745 nempe
973 4653 1035 4719 hoc
1062 4655 1160 4720 modo
1183 4655 1224 4721 de
1242 4661 1345 4736 vz'oo's,

169 4762 228 4829 illo
249 4760 290 4828 de
307 4771 511 4830 mortuorum
530 4763 749 4830 cadaveribus
768 4761 998 4852 loquebantur,
1021 4759 1054 4826 in
1075 4784 1138 4851 qua
1158 4784 1192 4828 re
1212 4775 1344 4853 apparet

1087 4867 1141 4918 ro*
