3309 5750
865 621 909 685 90

311 798 400 872 εὐθὺς
431 795 556 885 [ὀπίσω]
581 803 716 880 χωρεῖν,
748 792 879 862 difficile
900 803 949 861 est
978 795 1047 860 sine
1077 793 1146 860 risu
1178 792 1287 861 videre
1316 793 1412 861 έπέσω
1445 792 1501 860 ad·

311 892 446 972 iectum.
490 903 604 970 Finem
635 901 751 967 luciam
781 900 815 965 in
847 899 1042 987 pereleganti
1069 898 1231 967 locutione
1251 899 1355 966 Attice
1385 900 1421 966 in
1455 900 1502 965 vi·

311 1018 379 1076 tam
408 1008 608 1086 revocanda,
633 1026 715 1094 quae
740 1006 858 1071 misere
882 1006 978 1091 periit
1003 1006 1035 1070 in
1063 1010 1126 1084 58,
1153 1012 1181 1072 l.
1204 1005 1258 1072 oio
1288 1005 1345 1085 μὲν
1377 1004 1442 1087 γὰρ
1469 1005 1501 1070 ἕν

310 1114 440 1199 παιδεέρι
468 1116 521 1181 καὶ
548 1115 642 1188 αὐτὸς
676 1109 756 1178 εἶναι’
780 1136 828 1185 τις
852 1110 948 1188 δέξειν
972 1112 1087 1194 σπονδῇ
1112 1111 1331 1190 συνωνούμενος
1354 1111 1399 1177 τοὶ
1422 1109 1501 1177 κάλ·

310 1236 389 1291 λιςα
409 1225 469 1286 τῶν
491 1221 637 1300 βιβλίων.
662 1218 697 1284 τὸ
727 1216 759 1282 δέ
782 1240 828 1282 σοι
848 1218 931 1299 περὶ
956 1217 1006 1283 τοὶ
1029 1216 1130 1283 κάτω
1153 1225 1283 1299 χωρεῖ.
1328 1216 1430 1282 Nemo
1453 1217 1502 1282 in·

311 1325 430 1412 telligit
457 1323 616 1412 quomodo
640 1331 674 1390 et
697 1342 760 1409 quo
779 1341 876 1387 sensu
901 1323 963 1387 ista
986 1322 1147 1387 dicantur.
1193 1320 1396 1387 Athenienses
1423 1320 1499 1388 olim

311 1451 371 1518 pro
389 1431 580 1513 περιτρέπων
603 1428 688 1495 stairo
713 1426 863 1494 dicebant
881 1428 947 1509 περὶ
973 1427 1058 1493 κοέτω
1077 1426 1210 1510 τρέπειν.
1246 1425 1394 1493 Srntrrls
1416 1424 1503 1514 apud

311 1537 428 1603 Aruns.
441 1535 495 1602 xl.
519 1556 551 1623 p.
566 1539 631 1600 467
654 1553 683 1600 e.

447 1638 522 1707 οἷσθ’
545 1636 567 1724 ᾧ
590 1636 821 1723 spectassent
844 1638 961 1721 Κρέων,
982 1639 1018 1704 τὸ
1040 1637 1172 1719 βρέγμα
1192 1660 1270 1713 σονς

451 1742 554 1830 ἐγῷδα
575 1746 659 1828 δείνῳ
681 1745 749 1824 περὶ
773 1743 859 1811 ιωὶτω
881 1743 1095 1826 τετραμμένῳ.

314 1852 348 1918 in
381 1852 475 1927 δεῖνος
507 1871 570 1917 οοο
603 1850 689 1915 solus
712 1850 942 1915 Hanroenarrort
969 1856 1097 1936 peccat,
1130 1854 1166 1913 ut
1198 1846 1303 1926 vides,
1333 1867 1392 1934 pro
1413 1848 1504 1923 δῖνοι.

315 1955 370 2023 Sic
399 1964 469 2023 tum
506 1964 695 2023 consuetum
729 1964 800 2021 erat
835 1955 984 2020 omnibus
1013 1953 1141 2032 dicere,
1170 1961 1252 2019 teste
1275 1954 1391 2019 Puorro
1415 1955 1448 2020 in
1472 1974 1503 2022 r.

313 2063 398 2144 περὶ
427 2061 532 2128 κάτω
554 2062 827 2144 τραπήσεταιε
852 2060 922 2126 ἀντὶ
946 2066 1000 2126 τοῦ
1021 2063 1285 2142 mamertium
1297 2058 1400 2138 ιιοῖτω,
1423 2086 1504 2128 σνν·

313 2169 407 2244 ἦθος
444 2168 589 2248 λέγουσι,
622 2173 655 2231 at
678 2165 775 2230 buius
798 2167 844 2231 rei
880 2165 912 2230 in
941 2164 1104 2231 codicibus
1127 2166 1246 2230 nostris
1267 2184 1326 2231 nee
1350 2166 1421 2232 vola
1444 2186 1503 2234 nec

314 2274 487 2359 vestigium
516 2280 586 2350 est,
621 2280 688 2336 tam
721 2270 832 2337 scdulo
864 2270 942 2336 baec
968 2269 1190 2357 interpolando
1221 2268 1419 2337 deleverunt.
1466 2271 1503 2338 ln

314 2397 379 2444 uno
398 2377 468 2445 loco
494 2375 688 2466 deprehendi
712 2374 881 2455 fraudem,
904 2376 988 2463 apud
1013 2378 1243 2441 dnrsroraarurrr
1269 2376 1302 2440 in
1326 2375 1503 2443 Ecclesiae.

314 2502 361 2549 vs.
393 2487 619 2551 750e1755:

493 2591 585 2672 χώρει
607 2590 645 2654 σὺ
665 2589 748 2669 δεῦρο
776 2587 933 2669 κιναχύρα
955 2589 1038 2664 καλὴ
1062 2592 1165 2660 καλῶς

494 2695 630 2768 πολλοὺς
653 2692 755 2758 κνίσω
779 2693 821 2768 δὴ
845 2694 995 2766 donastis
1018 2690 1179 2774 ςρέψασ’
1197 2691 1301 2770 ε’μοιές.

315 2800 462 2884 quevas
484 2801 704 2865 Aarsronutms
727 2798 868 2861 amicum
892 2796 1049 2862 arbitrum
1071 2796 1164 2883 adigo
1186 2797 1418 2883 scripseritnc:

501 2906 636 2978 πολλοὺς
660 2904 750 2985 περὶ
774 2901 879 2968 stairo
909 2903 1058 2975 έολοωιοὺι
1081 2904 1240 2985 ‘cpidum'
1263 2904 1367 2982 ἐμούς.

313 3008 362 3072 sic
388 3008 490 3093 igitur
519 3008 645 3074 dedisse
666 3007 822 3072 Loerauuu
844 3007 990 3092 suspicor
1017 3008 1084 3090 περὶ
1108 3008 1194 3073 κάτω
1214 3016 1328 3090 χωρεῖ,
1353 3009 1507 3095 quemad·

314 3112 446 3178 modum
476 3113 641 3196 περιιέναι,
674 3113 868 3193 περιέςασέαι
902 3112 953 3177 ἐπὶ
985 3113 1029 3178 τοὶ
1059 3114 1175 3195 χείρω,
1204 3115 1248 3188 εἰς
1271 3116 1450 3182 τούναντίον
1471 3121 1505 3184 et

316 3217 442 3284 similia·
457 3216 625 3286 dicuntur.

260 3404 269 3419 ἱ
321 3410 325 3417 ,
360 3323 511 3390 Indicabo
533 3344 621 3389 nunc
644 3321 760 3387 menda
783 3322 939 3408 quaedam
964 3332 995 3389 et
1014 3343 1140 3390 errores
1163 3343 1200 3389 ex
1225 3343 1263 3389 eo
1283 3344 1423 3408 genere,
1443 3345 1506 3413 quo

316 3429 455 3495 violator
485 3431 656 3496 sinceritas
694 3429 828 3495 Graecae
858 3437 1029 3517 syntaxeos
1061 3429 1251 3515 videturque
1280 3430 1504 3516 imperitorum

316 3534 569 3602 homuncionum
594 3534 790 3619 negligentia
809 3534 957 3599 bocrasus
978 3535 1009 3598 io
1033 3555 1087 3599 eas
1107 3534 1192 3621 leges
1213 3555 1369 3621 peccare,
1391 3537 1509 3624 quibus

320 3661 431 3707 ornares
468 3649 622 3707 tenentur
655 3657 800 3724 quasque
835 3658 929 3703 nemo
963 3646 1132 3716 nostrum,
1175 3640 1293 3726 quibus
1325 3641 1508 3709 Graecitatis

319 3746 456 3813 scientia
478 3766 541 3810 non
564 3744 733 3825 σύντροφοι
763 3742 819 3807 sed
835 3744 999 3818 ἐπίκτητος
1027 3751 1095 3820 est,
1115 3743 1208 3812 larile
1228 3745 1324 3812 eredo
1344 3755 1411 3812 tam
1437 3767 1507 3835 gra·

320 3854 405 3916 viter
425 3847 574 3916 violasset
607 3856 703 3934 atque
730 3845 821 3912 illum
852 3867 938 3912 nunc
968 3846 1104 3915 subinde
1134 3852 1292 3918 videmus.
1346 3851 1430 3918 Sunt
1454 3852 1508 3941 qni

319 3954 454 4021 credant
471 3961 585 4020 acutos
603 3961 635 4019 et
656 3953 838 4037 ingeniosos
861 3953 1035 4038 scriptores
1052 3963 1215 4042 tamquam
1239 3957 1366 4043 legibus
1388 3958 1508 4027 solutos

320 4081 439 4129 novare
457 4061 556 4127 etiam
575 4060 608 4124 in
627 4058 678 4123 his
696 4056 841 4122 nonnihil
864 4068 896 4124 et
915 4058 1000 4145 quod
1017 4079 1111 4126 nemo
1122 4060 1239 4128 dixerit
1264 4083 1507 4152 nonnumquam

321 4165 474 4233 maluisse
496 4164 604 4230 dicere
620 4182 716 4250 quam
735 4163 871 4248 protrita
892 4165 1036 4230 omnium
1054 4168 1189 4252 vestigia
1212 4168 1328 4254 legere.
1376 4169 1440 4251 Qui
1463 4191 1509 4239 sa·

322 4271 468 4358 piebaot‚
502 4268 620 4348 credo,
656 4268 689 4333 id
721 4269 896 4355 probabant
927 4269 1013 4355 quod
1045 4271 1170 4338 bonetus
1199 4274 1305 4340 verbis
1332 4274 1441 4343 dicam
1472 4296 1507 4345 cx

321 4376 398 4443 Arte
432 4375 557 4442 Rbetar.
593 4396 625 4461 p.
649 4378 736 4451 litii,
769 4375 802 4438 in
827 4375 915 4440 Banu
945 4375 1023 4442 edit.
1052 4397 1081 4463 p.
1109 4383 1188 4446 158:
1212 4380 1357 4462 τηρητέον
1382 4382 1432 4452 ε’ςέ
1464 4404 1506 4451 σοι

322 4482 376 4548 καὶ
399 4481 582 4564 φυλακτέον.
602 4490 659 4557 τῆς
681 4488 786 4561 <bootia
808 4483 860 4547 τὸν
877 4482 994 4547 τύπον·
1017 4486 1160 4550 σαυτὸν
1183 4486 1248 4568 γὰρ
1270 4489 1304 4552 οὗ
1324 4489 1426 4565 θήσεις
1449 4488 1506 4555 ott'

322 4588 461 4661 εἰσοίσεις
485 4587 556 4652 ἴδιον
575 4586 664 4665 νόμον
688 4583 709 4668 ᾧ
733 4587 783 4651 δεῖ
806 4588 1101 4668 aperitissime
1122 4591 1185 4673 γὰρ
1206 4594 1259 4675 ἐφ’
1284 4597 1358 4672 ἡμῖν
1382 4595 1397 4660 ὅ
1421 4593 1506 4674 νέμον

320 4700 379 4759 τῶν
405 4692 506 4771 λόγων
537 4694 613 4757 ἀλλ’
637 4696 726 4770 ἡμεῖς
745 4691 796 4756 ἐπὶ
821 4694 863 4773 τῷ
896 4692 996 4774 νόμῳ,
1022 4714 1060 4758 ne
1081 4696 1148 4780 ipse
1170 4698 1322 4765 Louerrus
1338 4699 1399 4765 alia
1421 4717 1505 4786 prae·
