3309 5750
726 660 790 724 315

169 847 275 913 πίπε·
310 848 356 918 ἕςι
394 850 457 931 γαρ
493 849 572 932 ι’ίρας
607 851 785 929 δηλωτικόν·
819 850 1052 927 οἶον.ῑοίπίνπος
1083 852 1163 926 τινὸς
1197 852 1342 929 πηνίκα

168 954 462 1033 οίποδηριιίσειςς
494 956 549 1021 ἐὰν
572 956 661 1039 είπης
686 957 785 1036 μετα
810 956 875 1022 δύο
899 957 916 1033 ἢ
939 966 1045 1038 τρεῖς
1070 956 1188 1038 ἡμέρας
1211 960 1266 1022 οὐκ
1293 960 1340 1037 ὀρ-

168 1058 223 1129 ίῶς
242 1061 331 1139 ἐρεῖς.
356 1059 410 1125 ε’ίον
426 1061 457 1125 δὲ
474 1058 561 1142 είπης
583 1058 694 1127 ἕαίεν
717 1060 733 1136 ἢ
758 1062 841 1141 περὶ
863 1059 1112 1142 μεσημβρίαν
1136 1063 1224 1141 ὀρθῶς
1243 1064 1339 1142 ἕρεῖς;

168 1184 252 1251 quae
281 1186 353 1229 sera
382 1176 456 1229 sunt
486 1165 615 1254 quidem
638 1163 691 1230 sed
713 1187 778 1230 non
800 1187 928 1232 omnem
948 1188 1041 1230 usum
1064 1165 1205 1232 adverbii
1224 1165 1342 1240 πηνίκα

167 1268 438 1359 complectuntur.
488 1272 549 1355 Qui
568 1295 663 1361 quem
684 1284 774 1362 rogat
792 1274 910 1349 πηνίκα
924 1300 982 1348 --;
1008 1272 1048 1340 do
1068 1294 1108 1338 eo
1127 1286 1271 1362 tempore
1289 1294 1342 1336 ro·
1421 1260 1424 1268 ¹

166 1386 239 1462 gat,
271 1376 356 1466 quod
389 1376 558 1441 definitum
585 1389 616 1442 et
645 1378 855 1443 constitutum
873 1390 905 1446 et
930 1391 1052 1444 eertum
1073 1389 1139 1456 est,
1168 1390 1205 1442 ut
1224 1378 1249 1443 si
1270 1376 1343 1467 quis

169 1503 206 1545 ex
225 1493 408 1549 astronomo
429 1495 576 1573 quaerat:
601 1484 717 1559 πηνίκα
742 1484 883 1564 ἐκλείψει
909 1484 923 1547 ὅ
949 1482 1052 1560 imm
1077 1482 1110 1547 id
1131 1484 1256 1572 quaerit
1276 1504 1343 1571 quo

159 1594 258 1658 ,certo
286 1597 430 1678 tempore
448 1589 495 1654 sol
519 1587 701 1655 defecturus
720 1588 769 1653 sit.
817 1587 879 1672 Qui
898 1588 1069 1680 respondet
1089 1588 1129 1654 ad
1151 1588 1232 1654 haec
1253 1588 1341 1666 μετα

168 1692 215 1757 δύ’
239 1693 256 1769 ἢ
281 1702 363 1773 πρείς
387 1693 503 1774 ἡμέρας
525 1693 607 1759 nihil
627 1694 714 1759 dicit.
761 1694 884 1759 Eodem
903 1695 1000 1761 modo
1023 1696 1141 1761 dieitur
1159 1694 1276 1769 πηνίκα
1293 1693 1340 1761 ε’ςί

168 1803 223 1863 ποῦ
243 1800 403 1874 ἐνιαυποῢ;
430 1811 461 1864 et
482 1800 598 1876 πηνίκα
618 1801 663 1868 ἐς)
690 1806 745 1874 πῆς
767 1799 902 1881 ἡμέραις
939 1824 1023 1891 quaa
1052 1803 1098 1867 ita
1128 1811 1281 1891 rogantur
1308 1812 1344 1864 ut

168 1903 236 1993 ipsa
266 1928 338 1994 pars
367 1903 443 1969 anni
470 1916 502 1970 et
524 1904 588 1970 diei
610 1916 758 1970 accurate
779 1904 962 1972 definienda
979 1908 1036 1985 sit,
1060 1907 1191 1972 sirecte
1212 1927 1344 1995 respon·

169 2007 244 2074 ders
266 2009 351 2074 selis.
383 2009 502 2075 Contra
525 2010 602 2077 πότε
623 2011 667 2076 ita
690 2009 824 2089 dieitur,
843 2023 880 2076 ut
899 2012 933 2077 id
954 2025 1080 2103 tempus
1099 2011 1257 2076 incertum
1278 2032 1345 2086 esso

168 2113 367 2203 intelligatur
384 2127 419 2180 et
439 2115 573 2181 fortasse
592 2139 770 2207 numquam
789 2116 951 2197 futurum,
975 2130 1012 2182 ut
1031 2118 1056 2182 si
1075 2128 1167 2207 poter
1186 2116 1225 2181 ad
1243 2115 1346 2181 disso-

167 2217 273 2283 lutum
302 2217 407 2283 filium
433 2218 527 2285 dicit:
551 2222 686 2309 quondo
705 2221 755 2286 ad
771 2214 937 2288 meliorem
947 2224 1089 2313 frugem
1107 2221 1265 2288 redibis?
1294 2221 1354 2285 di·-

169 2322 308 2389 oendum
330 2335 378 2389 est
398 2324 477 2391 πίπε
500 2328 727 2408 cooperturam
754 2327 780 2392 si
801 2329 919 2404 οιηνίκα
938 2330 1069 2396 dixisset
1091 2328 1246 2394 ridiculus
1265 2326 1346 2392 fuis*

170 2442 226 2496 set.
274 2431 374 2496 Recte
403 2431 500 2521 igitur
528 2433 709 2521 quaeritur:
740 2434 857 2510 πηνίκα
879 2437 905 2500 oi
930 2434 1050 2513 γάμοις
1077 2435 1152 2523 quia
1172 2437 1346 2499 constituta

168 2550 216 2603 est
236 2539 357 2627 nuptiis
376 2538 462 2616 dies,
485 2539 569 2603 male
591 2539 708 2614 πηνίκα
730 2534 945 2617 πον.εροηπὲον’;
974 2540 1050 2630 quia
1075 2541 1108 2604 id
1133 2552 1260 2630 tempus
1280 2562 1347 2604 non

169 2658 216 2711 est
251 2645 430 2711 definitum.
486 2645 586 2710 Recta
623 2645 818 2710 Pourtnnus
851 2646 967 2721 πηνίκα
996 2647 1115 2712 δοκεῖτε
1144 2647 1262 2711 ἁλῶναι
1292 2646 1348 2720 πην

169 2751 277 2826 πίκιν;
309 2776 384 2817 nam
416 2764 541 2842 tempus
572 2752 676 2842 ipsum
704 2762 851 2817 accurate
881 2751 953 2817 sciri
981 2762 1109 2842 poterat
1134 2750 1214 2815 urbo
1236 2772 1346 2816 recens

169 2868 272 2946 capta.
319 2855 435 2948 Itaque
465 2858 609 2948 peccavit
639 2857 755 2923 iterum
788 2856 958 2923 Lucrinus
988 2860 1051 2937 56,
1081 2860 1111 2923 4.
1141 2857 1218 2921 ἀλλ’
1253 2853 1284 2921 οί
1306 2880 1346 2934 γε

168 2964 270 3029 κιίκνοι
305 2964 421 3039 πηνίκα
452 2966 525 3042 ὑμῖν
558 2963 699 3047 ᾄδουσαι
733 2962 766 3026 in
788 2968 805 3051 ς
827 2967 857 3028 2.
877 2963 955 3029 πίπε
975 2965 1006 3029 δὲ
1028 2961 1112 3051 (lege
1130 2961 1179 3049 δή)
1205 2960 1255 3025 ἐοιί
1285 2960 1346 3031 πὰς

166 3069 309 3151 αἰγείρους
330 3069 531 3151 νίφιξόμείας
566 3080 729 3159 potuerat
746 3068 852 3134 dicere
880 3068 1013 3148 πηνίκα,
1046 3092 1121 3134 narn
1142 3066 1245 3133 sicubi
1268 3065 1345 3131 illae

167 3175 295 3239 arbores
315 3174 354 3239 ad
377 3174 497 3240 Padurn
518 3175 671 3253 fuissent,
694 3187 820 3265 poterat
841 3174 968 3240 definiri
988 3187 1114 3267 ternpus
1136 3176 1257 3266 ipsum,
1279 3196 1344 3263 quo

167 3281 247 3345 illue
266 3291 370 3344 essent
391 3280 585 3369 perventuri.
628 3279 673 3345 Ut
691 3280 868 3369 plurimum
889 3292 996 3344 autem
1016 3281 1132 3354 πηνίκα
1152 3280 1217 3344 dici
1237 3277 1344 3367 coepit

167 3385 208 3450 de
237 3395 329 3473 parte
351 3387 550 3472 praesentis
576 3385 665 3462 diei,
697 3396 730 3449 et
757 3407 858 3474 quum
886 3384 983 3449 horae
1006 3384 1167 3449 numerari
1186 3384 1344 3461 solerent,

166 3490 284 3567 πηνίκα
313 3500 380 3554 erat
409 3487 486 3570 ὥρας
520 3489 706 3568 δηλωτικόν,
734 3501 770 3554 ut
802 3491 1019 3557 Pnsrsrcnus
1051 3490 1172 3556 scribit.
1218 3492 1342 3553 risurus

167 3597 386 3662 Hunoumros
402 3605 474 3685 post
495 3595 678 3662 Morrunmr
694 3622 726 3688 p.
751 3600 825 3664 438.
849 3598 885 3662 πὸ
905 3596 995 3673 ἡνίκα
1013 3595 1066 3660 καί
1088 3596 1124 3660 πὸ
1147 3594 1265 3671 πηνίκα
1289 3594 1341 3658 ἐπὶ

164 3708 219 3769 τοῦ
245 3706 349 3783 καιροῦ
379 3708 435 3774 πῆς
463 3703 580 3782 ἡμέρας
606 3707 750 3784 μαλλον,
782 3706 818 3771 πὸ
848 3704 879 3769 δὲ
906 3703 984 3768 πίπε
1009 3702 1059 3766 ἐπὶ
1082 3699 1202 3782 χρόνον.
1237 3698 1282 3767 ἔςι
1308 3699 1341 3764 δὲ

166 3808 219 3874 καί
244 3809 278 3872 πὸ
298 3807 414 3883 πηνίκα
436 3807 486 3872 ἐπὶ
513 3816 616 3888 goos?
640 3810 727 3891 παρα
750 3813 793 3893 τῷ
815 3809 1016 3888 Δημοσθένει.
1041 3819 1220 3873 monstrum
1238 3813 1343 3887 χνπεί

164 3924 279 3978 natum
311 3923 357 3976 est
388 3932 424 3976 er
448 3901 475 3993 οἵ
498 3899 533 3979 οῗ
559 3913 579 3978 i.
600 3935 626 3978 e.
650 3912 760 3994 χρόνον
784 3914 873 3996 παρα
899 3913 954 4002 (τῷ
974 3914 1189 4002 Δημοσθένει).
1237 3913 1342 3979 Loous

164 4018 397 4086 Donosrnttnrs
417 4015 533 4104 legitur
551 4040 581 4107 p.
602 4020 683 4098 329,
703 4022 754 4085 23.
772 4021 803 4083 ἕν
822 4019 903 4084 πίοιν
921 4012 970 4083 οὖν
990 4020 1028 4083 οὺ
1048 4019 1100 4083 καί
1122 4018 1237 4093 πηνίκα
1252 4034 1339 4097 λαμ·

163 4123 256 4203 πρίς;
282 4122 359 4196 ἡνίκ’
383 4121 421 4186 os
439 4125 537 4187 εἰπεῖν
560 4147 590 4187 πι
611 4125 697 4189 καποὶ
721 4125 837 4191 ποίποον
864 4125 924 4208 δέη.
953 4146 1017 4207 non
1046 4135 1171 4214 poterat
1201 4124 1339 4190 odiosius

163 4227 271 4293 dioere
300 4251 396 4317 quarn
427 4226 471 4292 sic
497 4226 710 4294 adversarium
742 4230 889 4296 consulto
911 4229 972 4294 sibi
990 4229 1029 4293 ad
1051 4229 1224 4296 dicendum
1244 4240 1339 4295 certa

164 4342 316 4424 tempora
334 4337 517 4398 constituta
533 4332 662 4396 habere.
688 4331 751 4398 Sed
772 4334 870 4400 redeo
887 4334 966 4398 illue
983 4333 1070 4402 uude
1087 4334 1243 4426 digressus
1258 4359 1338 4402 sum.

162 4447 180 4530 §
203 4444 255 4505 12.
280 4441 419 4520 πατρῷον
445 4439 556 4520 φίλον,
591 4439 689 4504 Attici
708 4441 871 4522 παπρικίν.
911 4448 929 4530 §
952 4444 1002 4506 18.
1026 4441 1139 4524 ἄμφω,
1160 4442 1210 4507 itti
1229 4442 1339 4522 ἀμφί·-

164 4569 255 4627 περοι.
292 4543 331 4608 In
352 4547 390 4612 8.
412 4550 448 4620 2,
475 4549 500 4611 t.
525 4546 609 4610 οὐδέν
628 4547 690 4614 ε’ςιν
719 4543 1000 4624 ignominiosis
1026 4571 1083 4627 με,
1108 4559 1229 4615 veteres
1255 4549 1339 4612 οὐδὲν

165 4648 229 4716 ὅτι
255 4651 301 4714 οὐ.
351 4649 506 4740 Perpetua
536 4651 728 4742 negligentia
750 4650 921 4719 Lucrinus
938 4652 1001 4731 μή,
1031 4653 1157 4733 μηδείς,
1182 4653 1339 4731 μηδέποτε

164 4767 259 4822 oaett.
289 4754 416 4845 ponere'
438 4754 519 4820 solet
547 4755 603 4820 ubi
625 4758 676 4831 οὐ,
702 4755 815 4834 οὐδείς,
841 4756 987 4823 οὐδέποτε
1007 4769 1097 4823 eraut
1114 4756 1279 4846 ponenda,
1303 4765 1339 4820 ut

123 4864 129 4869 '
1075 4864 1132 4911 aa*
