3309 5750
237 639 260 689 Χ

239 832 315 886 rem
341 804 541 881 emendaret
562 801 739 901 respondit
761 824 798 874 se
819 798 912 874 nolle
935 807 1070 874 mutare
1095 824 1197 877 snum
1222 802 1416 901 antiquum

240 936 442 1011 Mumsimus
455 931 572 1032 ipsius
597 955 688 1005 novo
718 929 926 1004 Sumnnrus’'
948 929 973 1002 ¹.
1023 928 1106 1004 Non
1130 928 1248 1007 minus
1267 930 1420 1009 ridioub

241 1070 324 1140 sunt
353 1086 444 1161 quae
476 1060 515 1135 in
544 1057 789 1138 vetustissimis
821 1056 1033 1133 membranis
1066 1058 1196 1155 passim
1227 1046 1454 1158 leguntnre⁸

239 1192 345 1269 etiarn
365 1190 535 1290 ineptiora
553 1212 656 1287 saepe
678 1192 857 1284 apparent.
907 1186 950 1259 In
972 1186 1173 1261 Orcnnours
1190 1188 1348 1287 Epistola
1366 1192 1415 1267 od

241 1319 412 1396 Arrieun
435 1316 512 1410 (lV.
531 1320 581 1407 ὅ.)
608 1313 822 1392 venerandae
844 1312 1062 1411 antiquitatis
1081 1323 1309 1393 monumenta
1324 1318 1419 1396 bano

242 1446 309 1521 tibi
331 1446 553 1545 scripturam,
577 1442 642 1541 qui
659 1440 824 1515 Griticam
841 1441 1052 1529 contemnis,
1077 1442 1213 1519 dabunt
1232 1446 1421 1544 legendam

242 1581 277 1649 et
300 1571 555 1672 explicandum:
591 1571 747 1672 qnoniam
766 1570 840 1670 qui
869 1570 960 1642 nihil
977 1578 1125 1667 pomant
1145 1569 1183 1649 'u‘
1213 1598 1267 1647 me
1298 1575 1422 1649 nolunt

243 1725 377 1789 amore,
397 1701 511 1773 demus
527 1721 661 1796 opernm
680 1704 720 1771 ut
736 1698 779 1771 ab
793 1699 840 1770 iis
855 1700 915 1796 qui
922 1706 1068 1797 possunt
1078 1700 1269 1798 diliynmur.
1288 1702 1418 1780 Dices.-

243 1830 361 1905 sellam
387 1828 584 1927 iampridem
591 1858 607 1912 ,·
630 1827 700 1901 scio
725 1832 760 1899 te
780 1826 923 1899 seleuse
943 1848 989 1900 nr
1016 1848 1069 1901 us
1093 1849 1160 1901 asr
1185 1850 1265 1903 run
1288 1851 1419 1907 amsii

247 1978 381 2031 neuun
406 1976 551 2044 rnrssr,
580 1960 661 2029 aute
687 1975 732 2027 nr
762 1975 815 2031 ur
838 1976 916 2029 sss.
946 1976 1027 2029 uun
1050 1976 1257 2030 emautur
1279 1977 1420 2036 rurssxs
1449 1974 1452 1978 ’

246 2084 375 2160 Utrum
405 2083 490 2159 haee
528 2081 638 2156 mavis
670 2081 888 2180 interpretari
921 2105 966 2155 an
993 2082 1156 2158 Munere
1191 2082 1330 2157 credere
1367 2084 1433 2178 (in.

250 2212 334 2288 Var.
355 2209 450 2286 nect.
475 2207 574 2285 XIV.
591 2215 642 2302 9.)
676 2201 895 2284 Crcnnorrna
917 2208 1112 2307 scripsisse:
1131 2233 1177 2283 nr
1198 2234 1251 2284 uu
1270 2234 1417 2290 auruum

244 2362 451 2417 nnuntunn
473 2340 625 2415 rurssrr?
664 2337 792 2412 Utrum
818 2337 1064 2413 in'Ennrrrnr
1087 2338 1270 2414 retinebis:

413 2468 519 2545 ἄκαν
544 2472 645 2543 θεῶν
667 2492 732 2554 τις
756 2465 888 2545 εἴπαθ’
913 2475 956 2539 οἱ
977 2470 1209 2557 sarnetum,

244 2620 287 2671 un
316 2601 437 2697 gratus
460 2619 482 2670 a
505 2597 549 2670 G.
573 2594 750 2669 Grurnuo
777 2594 828 2687 (in
855 2594 942 2668 Neo.
966 2594 1078 2667 lectt.
1106 2592 1151 2668 V.
1173 2598 1223 2687 2.)
1251 2594 1418 2695 accipies:

413 2723 442 2799 t
467 2723 545 2801 κᾶν
569 2728 668 2798 θεῶν
692 2750 756 2808 τις
780 2722 818 2796 εἰ
829 2722 959 2797 ’πάθοι
983 2725 1214 2815 καταςένοι,

220 2856 308 2927 ‘nul
334 2850 373 2925 in
396 2850 602 2924 Asnaumo
635 2848 831 2949 Δάματρα
860 2860 902 2944 μ’
923 2851 1027 2924 iano
1050 2872 1114 2948 pro
1136 2851 1265 2948 μέλπω
1288 2853 1419 2946 (NJ.

221 3080 223 3087 Α
248 2976 312 3054 IV.
327 2981 376 3070 5.)
400 2984 464 3054 aut
484 2977 521 3051 in
536 2976 753 3050 Aunocrnnz
781 2982 967 3072 ψήφισμα
990 2978 1012 3052 ὃ
1035 2975 1138 3054 atne
1157 2980 1215 3069 εἰς
1233 2981 1295 3055 ὅτι
1314 2985 1369 3079 μὴ
1386 2980 1424 3059 δ’

250 3109 339 3184 ἴσον
366 3129 430 3207 pro
458 3107 480 3180 ὃ
503 3101 604 3181 εἶπεν
626 3101 863 3200 Ἰσοτιμίδης
892 3105 952 3197 (N.
976 3105 1019 3178 L.
1044 3104 1148 3180 VlII.
1180 3109 1253 3198 10.)
1268 3117 1320 3182 et
1341 3134 1419 3208 per.

248 3234 360 3310 mults
390 3231 643 3308 eiusdemmodi
673 3231 718 3306 nb
748 3231 871 3307 eodem
899 3239 963 3306 aut
987 3233 1064 3307 eliis
1088 3234 1177 3307 veris
1204 3235 1343 3311 criticis
1367 3262 1420 3314 re·
1477 3330 1480 3334 ⁴

249 3362 375 3463 perta?
422 3360 694 3438 Innumerabilia
728 3366 782 3434 est
816 3360 971 3438 locorum
1003 3360 1121 3464 copia,
1145 3361 1208 3435 ubi
1233 3363 1424 3463 seriptnrsa

249 3490 406 3566 omnium
427 3491 594 3570 librorum
612 3498 769 3567 veterum
789 3491 992 3566 auctoritate
1015 3498 1051 3564 et
1073 3490 1230 3565 unanimi
1249 3516 1422 3577 consensu

250 3620 352 3695 nixae
380 3618 490 3694 nihilo
519 3626 603 3693 sunt
626 3619 778 3697 saniores
804 3642 910 3714 quam
939 3616 1029 3690 illud
1052 3617 1298 3695 Bentleianum
1319 3648 1423 3698 mm·

250 3748 371 3834 uorsa,
395 3746 491 3844 quod
511 3746 662 3820 suaviter
684 3744 841 3821 ridemus
859 3767 990 3818 omnes.
1038 3744 1092 3820 Ee
1114 3753 1268 3820 monstra
1288 3756 1324 3823 et
1342 3775 1423 3850 pnr-

252 3879 350 3949 tenta
378 3873 497 3947 statim
531 3880 611 3975 post
644 3878 783 3949 renatas
811 3870 944 3945 litteras
973 3872 1131 3949 certatim
1154 3873 1199 3947 ab
1227 3876 1360 3972 optime
1387 3887 1424 3954 et

162 4067 168 4080 .
251 4000 451 4075 santissimo
467 4024 608 4099 quoque
624 4001 674 4077 ite
692 4007 874 4101 procmata
893 4006 929 4072 et
949 4001 1132 4077 emendata
1144 4000 1295 4088 videbis,
1314 4004 1426 4103 idque

158 4110 164 4119 ⁸
252 4136 324 4203 tam
344 4128 536 4203 manifestis
556 4137 592 4202 et
610 4125 833 4202 evidentibus
851 4126 1031 4214 remediiS,
1055 4134 1097 4201 nt
1117 4136 1272 4203 vetustas
1293 4133 1424 4209 scriba·

250 4279 331 4331 rum
362 4252 648 4331 ballrminntiones
674 4254 823 4330 retinere
855 4260 892 4328 et
923 4255 1038 4328 fovere
1068 4255 1154 4328 velle
1185 4255 1252 4329 tibi
1280 4283 1424 4359 qnoque

252 4382 400 4456 stultum
433 4408 475 4458 ee
501 4383 668 4460 stolidam
700 4384 876 4470 videatur,
909 4389 946 4456 et
970 4383 1064 4457 idem
1094 4406 1158 4456 nos
1189 4385 1423 4482 reprehendes

252 4518 290 4583 et
319 4507 553 4599 narsslsberis‚
587 4508 651 4609 qui
680 4509 910 4587 immortalem
944 4510 1115 4586 maiorum
1143 4511 1181 4583 in
1206 4508 1272 4586 hoo
1295 4540 1425 4615 genere

256 4801 263 4811 ·
287 4782 318 4855 ¹)
336 4782 507 4845 omines
527 4785 557 4845 ia
577 4785 691 4865 matut.
712 4789 847 4862 Rapa-e.
865 4786 904 4844 nd
923 4789 955 4844 0.
971 4785 1118 4860 Restant,
1139 4804 1204 4863 pag.
1223 4801 1289 4850 am.
