3309 5750
760 623 763 626 ’
872 625 938 687 334

319 822 468 890 dicebant
487 822 594 888 lirici.
626 821 735 885 Petro
748 819 781 883 in
796 816 897 908 Gorg.
917 840 948 906 p.
972 817 1048 880 486.
1068 813 1237 881 Calliclem
1264 815 1436 883 dicentem
1454 818 1496 883 le·

320 931 379 995 cit:
404 931 455 993 τόν
480 930 510 993 δὲ
532 932 665 993 τοιοῦτον
690 923 790 1000 ἔξεςιν
808 923 858 988 ἐπὶ
881 922 986 1003 κόρρης
1006 922 1168 987 τύπτοντα
1192 924 1239 1001 μὴ
1261 924 1374 1007 δοῦνκι
1402 922 1493 1003 δίκην,

319 1035 372 1101 eui
393 1033 442 1099 bis
462 1032 690 1098 ἀνταποδίδωσι
708 1027 883 1095 Socttffle
901 1052 932 1118 p.
952 1031 1018 1096 608
1036 1042 1070 1094 n.
1092 1028 1157 1106 εἰμὶ
1183 1029 1216 1093 δὲ
1238 1029 1296 1093 ἐπὶ
1321 1029 1370 1109 τῷ
1393 1028 1493 1107 βουλο-

317 1142 399 1221 μένῳ
433 1135 489 1202 ε’όν
519 1159 556 1201 τε
587 1134 717 1200 τύπτειν
744 1134 916 1213 βούληται,
946 1135 981 1199 τό
1010 1136 1147 1199 νεανικόν
1172 1135 1208 1209 δὶς
1236 1140 1338 1200 τοῦτο
1366 1140 1422 1201 τοῦ
1446 1140 1490 1198 σοῦ

319 1245 433 1324 λόγον,
458 1242 510 1307 ἐπὶ
530 1238 651 1320 κόρρης,
675 1250 708 1304 et
724 1263 758 1329 p.
782 1241 847 1306 527
870 1258 901 1304 Δ.
923 1239 1089 1319 χκσμνὶσει
1114 1239 1166 1305 καὶ
1192 1239 1400 1319 ὶλιννιύσεις
1419 1239 1491 1304 ον’δὲν

320 1344 410 1423 ἧττον
431 1348 449 1423 ἢ
474 1347 536 1425 ἐγὼ
559 1344 664 1409 estete
688 1345 727 1411 σὺ
750 1346 818 1411 ἐκεῖ
840 1344 896 1410 κκό
917 1368 953 1410 τε
979 1342 1052 1416 ι’σως
1074 1344 1228 1419 τυπτήσω
1257 1368 1307 1417 τις
1338 1342 1424 1433 [sal]
1446 1344 1489 1407 ἐπὶ

238 1479 244 1492 ·
321 1456 425 1537 κόρρης
452 1449 604 1540 [νότόμως]
625 1449 679 1515 καὶ
704 1446 828 1521 πόντως
852 1455 1084 1527 προπηλακιεῖ,
1100 1446 1157 1512 ubi
1173 1446 1230 1513 κού
1250 1446 1333 1514 libri
1353 1446 1491 1516 nonnulli

322 1560 492 1634 omittunt,
522 1554 644 1633 ἀτίμως
673 1553 799 1618 omittet
829 1550 888 1642 qni
913 1550 1093 1616 rrrrosm
1112 1563 1145 1616 et
1167 1550 1292 1618 Atticos
1312 1552 1349 1618 in
1371 1574 1490 1619 sussum

320 1680 352 1733 et
370 1665 559 1755 sanguinem
579 1661 718 1728 verterit
752 1659 806 1727 Sic
824 1671 858 1724 et
879 1658 913 1723 in
933 1658 1100 1725 Midiana
1119 1656 1244 1747 saepius
1265 1670 1302 1723 nt
1325 1682 1363 1749 p.
1375 1662 1489 1737 562,9.

319 1771 465 1851 Τκυρόκν
481 1766 625 1845 ἐπάταξε
639 1770 840 1847 χορηγοῦντος
851 1763 902 1829 ἐπὶ
917 1763 1038 1847 κόρρης,
1056 1774 1088 1828 et
1108 1762 1141 1828 in
1160 1761 1266 1830 nobili
1285 1762 1365 1831 loeo
1383 1790 1416 1858 p.
1426 1769 1490 1833 537.

320 1874 428 1941 πολλοὶ
460 1874 523 1955 γὰρ
557 1871 596 1938 irs
626 1872 781 1947 ποιήσειεν
810 1870 824 1933 ό
858 1868 1001 1946 τύπτων,
1035 1863 1074 1933 ὧν
1104 1868 1118 1931 ὃ
1146 1868 1251 1933 πκόόνν
1276 1866 1349 1934 ἔνων
1377 1871 1439 1936 οὐδ’
1459 1869 1489 1935 ἂν

322 1978 528 2056 όπκγγεῖλκι
550 1975 664 2040 δύνκιό
680 1973 789 2055 ἑτέρῳ,
812 1974 855 2054 τῷ
873 1974 1039 2052 exisses,
1063 1972 1106 2053 τῷ
1123 1970 1317 2051 βλέμμωτι,
1338 1983 1380 2057 τῇ
1397 1979 1504 2057 deri,-

322 2080 398 2145 ὅτων
417 2082 455 2153 ὡς
481 2079 627 2161 ὑβρίζων,
651 2074 726 2143 ότκν
752 2078 791 2149 ὡς
810 2076 917 2158 ἕχόρὸς
939 2074 1107 2173 ὑπάρχων,
1131 2073 1207 2141 ότκν
1228 2077 1408 2157 κονδύλοις,
1428 2075 1491 2142 ότνν

322 2186 384 2251 ἐπὶ
418 2183 556 2265 κόρρης.
611 2182 678 2250 llos
707 2181 794 2248 locos
824 2179 942 2247 eruditi
971 2202 1081 2247 omnes
1112 2178 1266 2246 tenebant
1293 2182 1494 2260 memoriter,

320 2291 431 2378 itaque
460 2288 629 2355 Lucrinus
659 2286 821 2355 interdum
852 2297 937 2351 reete
967 2286 1017 2351 ἐπὶ
1048 2285 1152 2367 κόρρης
1172 2285 1312 2367 scribit,
1347 2301 1385 2354 nt
1414 2294 1450 2368 4,
1468 2294 1491 2355 9.

320 2394 473 2476 πκόσκντι
502 2394 552 2458 ἐπὶ
576 2394 698 2475 κόρρης,
723 2391 848 2481 saepius
866 2400 979 2481 peceat
998 2402 1034 2453 ut
1054 2395 1113 2467 45,
1132 2392 1185 2458 29.
1209 2394 1272 2470 tt,
1288 2397 1342 2476 ,33
1364 2407 1397 2463 et
1415 2394 1493 2461 alibi.

320 2500 369 2568 Ex
390 2500 507 2566 eoristo
532 2484 739 2579 πκτκχόῆνκι
765 2508 877 2562 netum
896 2496 1042 2562 futurum
1062 2507 1110 2562 est
1129 2498 1407 2581 warstallenses,
1429 2524 1495 2592 per.

320 2632 430 2699 peram
450 2629 509 2697 pro
529 2606 737 2683 πληρόσομκι
756 2602 897 2693 positum
918 2605 978 2680 69,
1000 2603 1051 2668 14.
1075 2601 1269 2682 ἡέλενόερόκ
1287 2603 1321 2668 δὲ
1338 2605 1492 2687 πρόχειρος

319 2710 446 2785 ἄκοντος
475 2715 529 2775 τοῦ
557 2708 706 2775 δεσπότου
729 2708 788 2773 κόσν
817 2710 843 2774 εἰ
867 2708 1017 2787 βούλοιτο
1042 2704 1182 2784 sesses
1208 2711 1494 2791 πκτκχόητομόνον

320 2818 364 2900 τῷ
389 2817 483 2899 ξύλῳ.
532 2816 698 2882 Praeterea
718 2811 865 2880 lonicum
889 2809 1041 2901 estquod
1065 2808 1174 2877 scribit
1196 2812 1259 2889 42,
1281 2816 1338 2884 10.
1363 2818 1381 2893 η
1403 2817 1431 2884 δ’
1451 2817 1493 2883 ἐπὶ

321 2921 425 3002 κόρρης
455 2919 609 2997 πλόξκσνό
638 2945 681 2999 με
711 2942 769 3010 pro
798 2917 995 2995 πωτνόξκσκ.
1026 2928 1060 2981 et
1088 2919 1106 3002 §
1131 2919 1180 2984 14.
1203 2917 1410 3001 οόρκφστέρκις
1431 2931 1494 2995 τοῖς

321 3023 412 3104 χερσὶ
442 3022 610 3104 τνψκμὲνη
640 3022 676 3088 τό
706 3021 866 3104 πρόσωπον
895 3041 954 3111 pro
983 3020 1165 3099 πκισκμένη
1191 3020 1243 3086 rel
1262 3026 1451 3108 κοψοιμένη,
1469 3039 1498 3093 et

323 3131 382 3205 59,
406 3130 457 3193 14.
480 3127 586 3207 μύωπι
613 3127 664 3192 dtis
687 3132 742 3192 τοῦ
765 3126 840 3199 ὠτός
859 3125 969 3198 τυπείς
990 3145 1051 3214 pro
1072 3126 1221 3205 πληγείς.
1257 3127 1497 3200 Eiusdemmndi

321 3233 400 3298 sitia
419 3232 536 3324 passim
557 3231 642 3323 ¹spnd
662 3232 824 3322 sequiores
843 3228 1082 3321 deprehendes,
1107 3231 1163 3321 qui
1184 3234 1372 3324 saepissime
1393 3240 1496 3318 τιιηξο

322 3351 355 3406 et
374 3337 516 3424 όπνηξκ,
536 3349 568 3402 et
584 3338 691 3428 ipsum
706 3339 838 3414 πρόσσω
857 3348 1011 3427 usurpent
1028 3348 1059 3403 et
1075 3338 1258 3419 ἐτύπτησκ,
1276 3342 1497 3423 τετύπτημοι,

322 3445 496 3520 ἐτνπτόόην
525 3454 558 3510 et
586 3444 741 3526 ἐτύφόην,
776 3454 809 3509 et
827 3442 914 3522 aliis,
944 3462 1081 3533 quorum
1102 3442 1187 3532 apud
1212 3443 1344 3513 Veteres
1368 3461 1497 3516 nonest

324 3549 394 3615 vola
414 3571 474 3615 nee
496 3550 673 3640 vestigium.
719 3549 945 3615 Ptutsncnus
964 3549 995 3613 in
1016 3548 1120 3614 Nicia
1140 3568 1167 3613 ο.
1190 3551 1243 3615 27.
1268 3551 1497 3631 όΔημοσόένης

320 3653 443 3743 ἔπληξε,
467 3657 525 3736 μὲν
549 3656 658 3720 ἑκντόν
684 3655 717 3718 ού
740 3655 802 3731 μὴν
826 3653 992 3719 οξπέόκνεν.
1039 3651 1074 3717 ln
1100 3649 1224 3720 Catone
1246 3659 1379 3724 minore
1398 3680 1427 3724 e.
1448 3663 1496 3724 70.

323 3760 455 3833 ὑπὸτῆς
474 3768 619 3838 πληγῆς,
640 3756 674 3834 ἣν
692 3745 816 3834 ἔπληξέ
828 3759 881 3823 τὸν
899 3757 1028 3834 οἰκέτην.
1054 3757 1093 3823 ln
1117 3759 1225 3828 Galba
1246 3782 1274 3828 e.
1294 3766 1350 3830 26.
1370 3767 1496 3849 τνφόεὶς

323 3865 383 3937 τοὶς
407 3864 517 3944 ἰγνύκς
543 3863 672 3935 ἔπεσεν,
698 3872 731 3926 et
761 3861 940 3927 sie-omnes
958 3863 1070 3930 solent.
1108 3865 1201 3932 illoc.
1223 3865 1350 3935 [κόνις.
1376 3869 1430 3937 Vl.
1446 3876 1497 3939 -32

323 3967 455 4044 πληρόσς
482 3965 583 4044 isses
606 3976 673 4029 turn
694 3965 738 4028 τόν
764 3966 905 4044 όνόμωτκ
927 3973 987 4031 τῶν
1006 3970 1205 4047 πληξάντων.
1240 3976 1258 4058 §
1280 3977 1335 4041 62.
1359 3979 1495 4059 πρόσεχε

324 4070 369 4148 μη
389 4071 442 4134 τόν
464 4068 589 4149 πωτέρω
614 4067 735 4148 πκύξης
761 4079 793 4143 el
812 4072 831 4154 §
853 4072 905 4135 66.
925 4071 1052 4149 πλήξας
1074 4085 1113 4157 τῇ
1135 4077 1297 4162 βκκτηρίρ
1317 4077 1401 4149 εἷπε·
1437 4084 1496 4165 ,pd-

325 4173 436 4250 κκξκι.
486 4170 546 4238 Sed
567 4173 664 4264 plane
686 4171 777 4239 nihili
796 4175 980 4247 stharbure
1004 4177 1106 4249 torma
1126 4194 1189 4260 est,
1213 4206 1310 4272 quem
1331 4185 1499 4256 sermon

325 4276 364 4344 V.
392 4301 425 4368 p.
451 4281 526 4346 248.
555 4279 734 4346 obtrudunt
762 4279 842 4363 Φησὶ
877 4282 929 4348 τόν
963 4283 1061 4366 λόφον
1094 4291 1309 4366 τινκρέντκ
1344 4293 1404 4359 ὑπό
1439 4318 1497 4360 σει·

326 4387 412 4460 σμῶν
438 4383 617 4461 οὶνκβκλεῒν
646 4392 723 4467 πῦρ,
760 4383 868 4452 (leder
898 4387 1037 4477 optimus
1065 4391 1233 4469 πκρέντκ,
1268 4386 1395 4488 corrige
1423 4415 1499 4474 πλη-

324 4510 435 4566 ρεντκ.
857 4514 861 4517 ·

282 4644 285 4647 s
317 4609 321 4614 ’
371 4593 418 4659 lle
444 4605 587 4660 veterum
607 4619 681 4676 usu,
702 4598 775 4690 quia
795 4611 879 4663 certa
901 4621 949 4664 res
974 4610 1020 4664 est
1041 4611 1071 4664 et
1092 4599 1255 4692 frequens,
1278 4610 1501 4700 unusquisque

323 4697 407 4763 inter
437 4699 606 4788 legendum
638 4702 751 4792 exiguo
781 4704 890 4793 labore
921 4705 1055 4795 experiri
1083 4698 1208 4796 poterit
1234 4711 1338 4780 sintne
1368 4740 1443 4784 sere
1470 4726 1500 4789 et
