3309 5750
803 614 866 682 231

245 809 373 901 Nempe
392 806 610 884 Alexandrum
628 806 1030 904 memonasterium
1051 810 1202 889 omnibus
1221 810 1348 881 adorari
1365 837 1422 882 no·

246 918 359 998 luisse,
382 917 439 1007 qui
459 928 652 992 noneseent
672 939 781 991 omnes
793 916 1013 992 Macedones.
1046 915 1224 1006 'Olynthius
1244 932 1313 985 erat
1330 918 1426 1008 Cen,

246 1025 630 1103 r1srnrnns„-Euunnrs
662 1021 856 1101 Cardianus,
881 1023 1112 1098 dnsxrncnns
1140 1023 1305 1092 Abderita.
1340 1026 1422 1092 Vide

247 1129 379 1195 omnino
397 1130 633 1198 Pnursnceor
651 1130 685 1195 in
704 1130 904 1205 Alexandro
923 1153 992 1219 cap.
1012 1134 1065 1199 54.
1089 1130 1145 1194 ubi
1164 1128 1331 1220 apparebit
1350 1126 1423 1224 foe{

245 1235 318 1302 dem
339 1236 431 1301 istam
450 1236 668 1301 adulationem
689 1235 724 1301 in
752 1236 905 1302 conviviis
926 1236 1010 1301 inter
1030 1235 1149 1301 amieos
1170 1246 1202 1300 et
1222 1248 1369 1325 coeptam
1390 1247 1423 1320 et

243 1343 468 1410 intermissam.
516 1342 718 1431 Quemquam
740 1365 804 1407 non
826 1364 905 1431 opus
925 1352 973 1407 est
992 1340 1072 1406 haee
1090 1341 1123 1405 in
1142 1340 1293 1408 Lucrauo
1315 1340 1355 1406 ad
1373 1342 1422 1408 vi·

243 1468 320 1515 rum
348 1470 489 1514 resecare
519 1460 551 1513 et
580 1450 683 1516 aerius
713 1448 774 1518 erit
794 1446 1010 1538 'opprobrium
1037 1447 1063 1511 si
1083 1446 1273 1512 Macedones
1293 1470 1422 1527 omnes,

244 1554 386 1642 quamsi
406 1553 501 1643 pauci
517 1553 648 1643 quidam
669 1554 765 1622 aulici
781 1553 930 1619 dicontur
950 1551 990 1617 ad
1008 1552 1203 1641 flagitiosum
1222 1552 1307 1618 istud
1327 1555 1422 1620 obse·

244 1659 357 1749 quium
389 1658 492 1747 eoacti
522 1658 627 1725 fuisse.
677 1659 719 1726 At
748 1658 782 1726 in
813 1659 967 1734 Pteron}
996 1658 1085 1724 nulla
1117 1658 1289 1725 dubitatio·
1309 1671 1357 1726 est
1386 1659 1422 1726 iu

240 1766 424 1832 Phaedone
441 1790 473 1854 p.
499 1769 562 1830 110
582 1785 612 1831 u.
646 1768 753 1830 ἐκεῖνοι
787 1766 813 1830 οἱ
844 1765 921 1829 λίόοι
953 1763 1081 1845 κοοόοοροό
1106 1766 1165 1829 εἰσι
1189 1763 1242 1829 noel
1268 1766 1301 1830 οό
1324 1789 1421 1831 κοοπε-

240 1869 418 1950 δηδεσμένοι
446 1871 514 1944 οὐδὲ
547 1870 780 1961 διεφόοορμόνοι,
813 1868 915 1950 ὥσπερ
946 1871 972 1944 οἱ
1002 1869 1129 1960 ἐνόοόδε,
1164 1870 1223 1935 ὑπό
1255 1870 1420 1954 σηπεδόνος

241 1974 294 2040 ret
317 1972 442 2056 όόλμης,
471 1976 529 2041 ὑπὸ
555 1981 614 2041 πῶν
637 1976 727 2060 ,δεῦρο
756 1974 1018 2057 ξυνερρνηκόπιον,
1043 1972 1144 2066 ailredi
1173 1975 1268 2047 λόόοις
1292 1975 1354 2057 ιιοιὶ1
1375 1984 1419 2060 νῇ

242 2078 296 2143 reni
321 2088 385 2151 τοῖς
409 2077 519 2151 όιλλοις
547 2079 629 2163 ζῴοις
653 2104 689 2145 πε
714 2079 767 2144 uel
794 2085 908 2162 Φνποῖς
931 2079 1032 2161 οιῖσχη
1053 2105 1094 2154 ,ιε
1118 2079 1171 2145 nul
1198 2080 1301 2153 edrone
1322 2080 1420 2162 ποορέ-

241 2207 314 2265 χει,
339 2184 373 2249 in
393 2182 443 2248 his
462 2184 560 2272 igitur
579 2184 682 2251 verbis
697 2170 794 2249 *nulla
815 2194 879 2264 est,
904 2184 1054 2273 inquam,
1078 2182 1238 2251 dubitatio
1260 2186 1419 2275 quiqurrd

241 2286 406 2363 σηπεδόνος
439 2289 492 2352 κοιὶ
526 2287 633 2368 όλμης
676 2290 738 2355 sint
765 2289 806 2355 nb
834 2290 947 2378 aliquo
978 2288 1079 2355 sciolo
1107 2290 1320 2381 interpolata,
1361 2290 1421 2381 qui

240 2414 307 2458 non
326 2391 400 2458 satis
419 2405 465 2458 est
484 2406 644 2460 assecutus
671 2395 749 2485 quid
772 2396 885 2461 Puero
906 2394 1053 2460 diceret(
1082 2396 1193 2462 Petro
1217 2397 1327 2488 paucis
1347 2419 1419 2461 rer-

239 2498 288 2564 bis
318 2498 504 2589 eomplerus
532 2510 579 2565 est
609 2500 768 2591 quidquid
797 2501 893 2574 rebus
917 2499 1119 2567 terrestribus
1136 2499 1245 2566 'labem
1266 2511 1299 2565 et
1319 2499 1419 2586 detri-

239 2616 389 2671 mentum
411 2606 554 2684 afferret,
576 2606 618 2671 πόο
638 2608 721 2687 δεῦρο
738 2605 962 2690 ξονορρυηκότοο
985 2604 1039 2693 (ef.
1056 2629 1090 2695 p.
1111 2608 1171 2669 109
1191 2603 1252 2693 3.),
1276 2605 1335 2671 iste
1353 2604 1418 2671 duo

242 2709 283 2777 de
310 2708 360 2776 his
386 2711 532 2778 nominat
551 2708 708 2787 σηπεδόνοι
731 2709 783 2775 nel
810 2708 917 2789 ἅλμην
939 2732 1041 2800 eaque
1061 2708 1157 2776 verba
1178 2710 1223 2776 sio
1242 2710 1418 2802 interponit

240 2828 278 2883 ut
297 2815 336 2882 nd
358 2817 492 2908 lapideo
513 2814 681 2883 referenda
700 2815 781 2896 sint,
800 2814 903 2906 *quasi
923 2838 997 2887 vero
1020 2814 1143 2906 possint
1163 2817 1189 2881 oi
1214 2816 1291 2899 λόόοι
1312 2823 1417 2892 σοιπῆ-
1441 2878 1447 2895 ,

239 2947 290 2989 νοιι
321 2934 376 2992 aut
400 2910 463 2990 'brt
494 2922 659 3000 σηπεδόνος
690 2924 911 3004 διοιφόοιρῆνοιι.
959 2924 1008 2990 At
1030 2945 1123 3003 vero,
1147 2921 1260 2988 dixerit
1283 2921 1424 3013 aliquis.

230 3038 429 3121 perveteres
460 3039 563 3099 testes
592 3030 690 3097 Ινοόοί
714 3051 754 3094 ea
775 3031 967 3119 emptura,
991 3052 1091 3119 quom
1115 3038 1153 3094 tu
1170 3029 1325 3098 damnas.
1372 3028 1418 3096 In

240 3136 379 3203 Eusunn
399 3139 498 3203 tibris
517 3139 595 3203 olim
604 3137 800 3222 ferebatur,
823 3139 896 3215 nisi
913 3137 1003 3226 quod
1020 3139 1080 3204 itte
1100 3138 1159 3202 ὑπό
1178 3136 1343 3213 σηπεδόνος
1361 3135 1416 3203 nul

238 3238 347 3320 όόλμλι
372 3240 424 3307 uui
458 3241 516 3307 ὑπὸ
539 3246 598 3306 τῶν
628 3242 713 3321 δεῦρο
735 3241 976 3322 ξυνερροηκόποον
1005 3248 1043 3311 in
1071 3267 1131 3308 suo
1157 3243 1269 3309 codice
1295 3245 1418 3332 legisse

238 3347 386 3412 videtur.
433 3342 483 3410 No
513 3365 611 3434 quern
646 3367 682 3410 ea
713 3367 762 3411 res
791 3358 918 3412 moreat
948 3346 1119 3437 diligenter
1138 3346 1361 3437 cogitetritia
1385 3358 1419 3427 et

238 3448 503 3542 interpolationes
533 3471 629 3515 omne
655 3470 756 3537 genus
783 3450 950 3540 aliquanto
981 3464 1055 3518 ante
1081 3453 1253 3520 uusrnror
1270 3462 1311 3524 ,et
1331 3448 1418 3519 Gott-

240 3574 396 3625 suunttnt
415 3567 553 3621 oetatem
573 3554 607 3620 in
627 3565 770 3620 veterum
790 3555 881 3640 libris
901 3557 1086 3637 inolevisse,
1117 3558 1235 3647 quibus
1255 3568 1325 3622 tum
1344 3557 1419 3649 qui-

240 3665 316 3732 dem
345 3664 379 3728 in
407 3662 466 3730 illo
496 3674 627 3729 veterno
657 3673 690 3727 et
719 3661 809 3728 senio
839 3685 936 3752 nemo
959 3676 1026 3733 erat
1046 3662 1254 3731 emendandis
1274 3674 1329 3757 aut
1348 3663 1419 3729 ani·

239 3768 485 3846 madvertendis.
528 3767 703 3858 Utriusque
722 3767 849 3857 generis·
861 3785 978 3859 ponam
1002 3790 1103 3837 unum
1119 3769 1303 3860 exemplum
1322 3783 1354 3837 et
1373 3771 1419 3839 sie

239 3875 280 3941 ad
310 3874 489 3941 Lucrrrun
516 3885 664 3939 revertar.
710 3872 747 3938 In
778 3874 977 3943 Perennem
1002 3872 1158 3943 Cicerone
1184 3876 1274 3942 loeus
1293 3889 1339 3942 est
1359 3899 1419 3967 per

238 3982 373 4068 longum
404 3978 604 4045 saeculorum
634 3991 774 4045 tractum
801 3979 940 4050 absurde
962 3981 1283 4073 depravatus,'quem
1305 3981 1419 4062 Graeei

239 4088 274 4153 in
294 4086 454 4174 integrum
476 4085 642 4151 restituere
662 4109 727 4152 non
748 4099 933 4176 potuerunt.
981 4089 1114 4180 Legitur
1134 4112 1204 4180 eap.
1225 4098 1255 4156 5.
1277 4091 1348 4164 τοὺς
1373 4092 1416 4171 πῷ

237 4195 318 4273 βοοῖν
345 4189 482 4270 μεηοὶλοι
503 4190 679 4271 χρωμένους
703 4195 829 4274 ῥήτορος
854 4195 1057 4260 ἐπισκώπτων
1082 4193 1176 4274 ἔλεγε
1196 4195 1234 4258 δι’
1255 4194 1417 4260 οὶσόένειοιν

238 4295 370 4368 ἐπὶπόρν
387 4293 526 4374 κροοννην
545 4290 647 4375 ιόσπερ
667 4296 791 4376 χωλοὺς
811 4299 865 4379 ἐφ’
888 4297 991 4365 ἵππιον
1015 4301 1136 4376 πηδόον,
1161 4299 1418 4389 antiquissimum

239 4401 352 4469 vitium
383 4398 507 4465 obsidet
539 4397 634 4466 verba
661 4402 703 4482 τῷ
725 4401 805 4478 βοοῖν
829 4401 966 4480 μεγοόλοο
987 4405 1185 4485 χρωμένους,
1211 4428 1317 4495 neque
1336 4408 1417 4485 βοόιν

240 4505 377 4586 μενόλοι
407 4504 470 4570 diei
492 4494 598 4595 potest
621 4528 680 4595 pro
703 4505 793 4584 μόνον
815 4529 922 4597 neque
940 4510 989 4590 τῷ,
1005 4511 1085 4587 βοῖιν
1109 4511 1246 4590 μεγοόλοο
1266 4517 1415 4595 mones,

239 4633 322 4702 quae
344 4611 438 4678 verba
458 4612 762 4708 nonrunrdraeco
781 4636 871 4681 more
892 4615 1217 4710 composita.,.et,.uon
1237 4616 1417 4707 significant

237 4716 328 4798 μὲγοο
343 4717 424 4794 βοῶ,
452 4728 487 4783 ut
497 4725 616 4808 neque
629 4725 757 4801 χρῶμαι
780 4721 823 4801 τῷ
843 4719 966 4798 λέγειν,
982 4722 1025 4801 σῷ
1039 4719 1155 4817 πίνειν,
1169 4721 1237 4797 ¹eod
1256 4722 1299 4803 σιῖν
1314 4710 1414 4802 λόγον,
