3309 5750
784 586 918 703 'utu

303 835 394 901 nullo
420 834 550 924 negotio
578 832 766 900 critica2ers
794 831 1090 922 dissiparepotest',
1112 834 1348 925 ρεστεθέμενυν
1367 833 1484 922 legen-

304 940 450 1006 dum‘est
468 940 636 1019 τιθέμενοι,
654 937 822 1005 εῑθιυίνευῑ
840 938 904 1004 hoc
921 937 986 1003 duo
1003 941 1121 1030 optimi
1136 939 1271 1007 Codices
1287 938 1363 1019 AE3
1384 941 1482 1007 etiam

300 1048 331 1114 si
349 1069 418 1111 non
437 1045 609 1124 haberent,
626 1057 719 1111 certa>
734 1044 962 1109 emendatione
976 1060 1104 1135 poterat
1120 1046 1483 1135 restituindscriptnm

307 1163 354 1218 est
383 1151 415 1215 in
441 1152 585 1240 margine
605 1151 796 1229 ποιούμενοι,
823 1152 899 1240 quia
918 1155 1081 1234 τεκμήριον
1100 1154 1250 1232 τιθέμενοι
1264 1151 1360 1242 aepud
1383 1151 1482 1218 Grae·

308 1258 399 1327 culos
414 1280 485 1322 :non
506 1268 573 1322 erat
594 1257 626 1321 in
646 1278 720 1333 usu,
744 1254 797 1320 sed
815 1257 977 1336 τεκμήριον
999 1258 1187 1336 ποιοῦμενσιε
1210 1258 1341 1347 irrepsit
1359 1258 1396 1322 in
1417 1268 1481 1323 ter·

306 1377 395 1442 tuni,
412 1362 529 1453 deinde
550 1362 640 1427 scioli
656 1362 810 1439 τιθέμενον
823 1360 992 1426 dederunt.
1020 1361 1163 1453 (δοτῆρσι
1183 1366 1347 1444 τεκμήριον
1361 1368 1421 1429 τοῦ
1435 1363 1481 1441 μίν

303 1474 379 1551 παρ’
411 1467 500 1549 σ’ίλλιρ
524 1467 667 1549 πρότερόν
692 1492 727 1531 σε
746 1456 981 1542 γδεδειπνηκέναι
1001 1468 1054 1533 καὶ
1079 1470 1113 1534 τὸ
1138 1470 1241 1534 καινὸν
1259 1464 1349 1535 εἷναί
1372 1491 1420 1532 σοι
1445 1467 1479 1531 τό

306 1573 532 1656 χειρόμακτρον
567 1575 735 1652 τιθέμενοι,
769 1586 857 1639 recte
885 1574 918 1639 id
951 1573 1102 1663 quidem,
1133 1575 1282 1664 quoniam
1304 1596 1402 1641 suum
1421 1560 1481 1638 sihi

304 1682 444 1771 ,quisque
464 1678 690 1759 χειρόμακτρον
710 1678 850 1745 habebat
866 1690 898 1744 et
916 1680 1067 1744 afferebat
1088 1702 1204 1745 secum.
1231 1682 1317 1764 §tu
1338 1680 1394 1761 ζῆν
1410 1681 1481 1744 ὑπσ-

307 1784 489 1863 λαμβοίνεις
513 1783 616 1849 scribe
636 1784 883 1864 ὑπελάμβανες,
902 1809 978 1850 narn
998 1788 1125 1877 agnovit
1146 1809 1283 1851 errorem
1304 1808 1401 1850 suum
1421 1784 1483 1850 sci·

304 1891 392 1955 liceti
427 1893 444 1975 §
467 1894 518 1955 17·.
543 1888 684 1954 ἐλείπετο
705 1890 759 1953 καὶ
777 1897 836 1955 τῶν
857 1891 926 1973 ἄρτι
946 1892 1186 1969 εἰσεληλυθότων
1206 1892 1363 1973 δευτέρους
1382 1887 1478 1964 εἶναι,

305 1994 422 2086 supple
450 1996 485 2060 τδ
508 1995 564 2060 καί
584 2007 616 2058 et
645 1995 752 2085 recipe
781 1992 819 2061 ex
845 2005 901 2068 An
924 1997 1074 2065 κατέπιεν
1100 2022 1159 2089 pro
1177 1998 1387 2079 κατέφαγεν,
1418 1995 1481 2061 hoc

299 2102 446 2193 prodigi
464 2113 525 2179 est,
543 2099 626 2165 illud
646 2102 817 2167 helluonis.
844 2106 861 2187 δ
884 2105 933 2168 18.
958 2104 1196 2183 ἀποτεινομένου
1210 2108 1272 2168 τοῦ
1296 2103 1394 2167 πότου
1413 2102 1482 2167 imo

306 2230 382 2273 rere
404 2198 680 2288 παρατεινομένου.
714 2213 731 2295 §
758 2212 797 2273 19
826 2208 897 2297 lege
926 2208 972 2273 δύ’
997 2208 1013 2284 ἢ
1041 2216 1128 2289 τριῶν
1148 2232 1206 2300 pro
1229 2208 1315 2286 θδθο
1341 2209 1358 2285 ἢ
1382 2214 1503 2290 τριῶν..

307 2312 352 2377 δέ’
377 2312 393 2387 ἢ
419 2320 501 2392 τρεῖς
521 2311 672 2376 dicebant
693 2333 757 2377 non
777 2311 827 2378 δθο
852 2314 881 2389 ἤ.
919 2316 1011 2399 §th
1034 2316 1088 2377 οῦκ
1111 2314 1255 2395 αίσχόνει
1278 2312 1409 2391 κόλαξιν
1430 2315 1483 2378 νίν·

305 2419 431 2500 θρῶποις
466 2415 767 2498 ῶντεξεταζόμενοςς
812 2417 968 2483 sententie
1010 2419 1153 2508 postulat
1190 2417 1481 2499 συνεξεταζόμενος.

306 2526 396 2613 526.
430 2515 451 2602 ᾧ
481 2522 522 2586 τοὶ
552 2520 642 2586 ἄλλα
678 2529 851 2588 συντελοῦσι
884 2522 986 2588 scribe
1014 2526 1174 2588 ἐνειλοῦσι.
1208 2525 1300 2610 527.
1333 2523 1482 2588 δυ’νασθαι

304 2629 391 2711 ρ’ίδειν
409 2626 515 2704 οίξίος.
542 2625 624 2690 nihil
643 2625 800 2714 significat
819 2627 924 2704 οὶξίυς.
952 2650 1059 2692 veram
1081 2627 1270 2715 scripturam
1289 2627 1484 2692 monstrabit

308 2732 398 2797 locus
421 2738 478 2810 58,
501 2735 554 2797 10.
578 2733 655 2795 αλλ’
676 2727 762 2803 οὗτός
784 2756 824 2809 γε
847 2731 930 2813 ᾅσας
954 2732 1057 2809 δεξιῶς
1079 2732 1212 2812 ἐκρότει.
1246 2738 1263 2820 §
1286 2735 1339 2797 28.
1363 2734 1484 2808 πολλὴν

307 2839 363 2914 τῶν
387 2836 554 2902 κολακείαν
579 2837 812 2916 ἐμφανιοῦντα,
837 2835 972 2901 emenda
993 2836 1201 2920 ἐμφαίνοντα.
1233 2840 1322 2926 §3st
1349 2836 1484 2919 περιποί-

308 2966 380 3016 τους
406 2924 589 3021 ἐλευθερίους
609 2961 723 3004 reroca
741 2941 930 3026 ἐλευθέρους,
960 2965 1025 3008 non
1049 2955 1096 3008 est
1115 2945 1267 3009 liberalis
1287 2943 1486 3024 ambulatio,

307 3048 363 3114 sed
395 3048 509 3110 libera.
553 3049 646 3133 §36.
678 3045 953 3124 πεπαιδευμένους
975 3049 1084 3126 μισθοῦ
1123 3054 1298 3123 ὑποτελεῖς·
1320 3049 1482 3127 ξυνόντας.

305 3151 464 3219 iocularis
493 3161 539 3215 est
568 3148 647 3213 haec
669 3148 891 3239 interpolatio,
907 3144 999 3241 quae
1020 3150 1218 3219 sententiam.
1234 3154 1267 3218 in
1288 3155 1486 3221 contrarium

307 3257 476 3352 pervertite
496 3258 604 3335 μισθοῦ
627 3257 786 3331 ὑποτελιίς
807 3257 863 3345 qui
884 3270 945 3338 est,
969 3271 1005 3324 ut
1020 3261 1162 3338 δασμοῦ,
1187 3259 1282 3341 φόρου
1307 3261 1483 3337 θποτελνίς,

310 3387 376 3431 non
405 3351 530 3453 occepit
551 3359 746 3439 mercedem,
776 3361 943 3439 eed‘alteri
955 3366 1099 3456 μετετέθη
1124 3364 1186 3430 hoc
1204 3365 1300 3429 etiarn
1322 3378 1487 3454 supererat

311 3470 432 3537 miseris
453 3481 488 3534 ut
508 3468 621 3534 servile
639 3466 828 3557 obsequium
846 3470 990 3535 suissibi
1010 3460 1271 3535 nummisemere
1288 3468 1486 3538 dicerentur.

309 3577 465 3668 Expunge
490 3576 665 3644 ὑποτελεῖς.
714 3571 752 3636 ln
774 3572 923 3662 eadem§
950 3575 1028 3640 dum
1054 3573 1239 3665 philosophi
1258 3575 1344 3664 apud
1365 3590 1487 3644 matro-

310 3704 387 3749 nam
416 3682 456 3746 de
485 3678 657 3775 sapientiae
684 3676 810 3766 placitis
838 3679 999 3745 disserunt
1020 3679 1200 3768 supervenit
1220 3702 1236 3742 a
1258 3681 1395 3746 moecho
1417 3686 1487 3776 epi·

313 3790 410 3855 stola:
434 3787 490 3853 illa
513 3785 619 3850 statim
643 3785 804 3849 rescribit:
830 3785 979 3864 interea,‘
994 3786 1119 3875 inquit,
1143 3787 1168 3850 οἱ
1195 3786 1262 3866 περὶ
1286 3791 1486 3869 σωφροσύνης

313 3898 419 3960 ἐκεῖνοι
452 3891 540 3969 λόγοι
571 3891 660 3958 έςῶσι
686 3892 899 3970 περιμένοντες
929 3892 973 3961 ἐτ’
998 3882 1036 3957 θον
1064 3891 1161 3967 ἐκείνη
1185 3891 1419 3973 οίντιγροίφασα
1443 3898 1486 3977 τῷ

316 4001 432 4079 μοιχιρ
452 3994 660 4076 ἐπαναδροίμρ
692 3996 765 4075 πρὸς
784 3992 847 4071 τῶν
876 3997 1036 4078 ακρόασιν.
1085 3994 1158 4060 Non
1185 3998 1337 4076 st‚abant
1363 4000 1493 4088 opinor,

314 4107 339 4195 oi
365 4126 433 4182 περι
424 4103 544 4181 συφρ
547 4099 654 4174 οσθννρς
674 4098 801 4196 λόγοι,
829 4124 909 4190 quos
925 4107 1072 4168 tacuisse
1091 4103 1176 4193 apud
1195 4103 1282 4168 illam
1299 4105 1373 4170 satis
1393 4131 1491 4232 eppa·

313 4219 380 4290 ret,
405 4204 509 4270 sed
483 4228 507 4268 σι
533 4203 807 4283 λέγοντες.

321 4309 400 4376 ln
421 4311 544 4401 Apolo
511 4315 596 4375 orm
608 4333 689 4400 quae
709 4314 868 4403 sequitur
877 4318 934 4396 18,
958 4320 996 4383 1.
1012 4316 1316 4383 ellendoinrerbis
1339 4313 1411 4384 είτιί
1440 4347 1488 4394 τις

265 4487 267 4491 ,
314 4419 408 4488 οιῦτος
435 4420 541 4479 rotro
568 4418 779 4499 γεγραφὼς
764 4444 876 4487 επειτοι
905 4424 960 4488 tte
955 4448 979 4487 ·ν
1006 4424 1115 4487 ἑαυτὸν
1141 4421 1199 4500 φέρ
1205 4444 1243 4484 ιον
1273 4425 1316 4494 είς
1346 4423 1488 4491 δουλείαν

318 4521 505 4593 ένσέσεικεν,
536 4543 610 4585 nam
638 4544 744 4616 neque
765 4526 839 4590 έκιίν
861 4540 902 4592 ct
913 4528 1012 4610 φέρων
1034 4527 1115 4590 bene
1136 4526 1389 4615 coniunguntur,
1413 4532 1488 4620 quia

317 4628 376 4711 φέρ
380 4652 418 4692 ῶν
446 4626 603 4725 significat
616 4631 710 4707 μετα
732 4616 990 4712 προθυμίαςκαὶ
996 4620 1095 4713 όρμῦς
1115 4633 1217 4698 etsie
1238 4632 1345 4700 debile
1367 4648 1399 4703 ct
1419 4637 1491 4702 lan

320 4721 486 4824 gnidum
474 4732 549 4797 εκιίν
567 4733 726 4814 eicludit,
739 4735 772 4800 e't
790 4733 874 4824 quia
888 4733 987 4811 noete
1001 4737 1244 4826 praecedentia
1254 4741 1378 4814 αὐτὸς
1370 4765 1491 4826 γεγρα
