3309 5750
869 662 890 726 6

284 838 332 907 los
355 840 535 908 ineruditos
557 838 725 905 hominum
749 836 837 903 aliud
852 837 1018 924 agentium
1048 834 1220 916 fallebant,
1244 838 1300 906 sed
1324 842 1369 907 ita
1389 840 1477 910 salle·

283 937 379 1025 bant,
402 953 439 1011 ut
460 946 529 1032 ipsa
551 947 631 1011 vitia
662 945 738 1009 irinc
767 950 845 1009 nata
867 950 957 1009 certa
985 942 1121 1027 vestigia
1143 961 1238 1009 verae
1261 946 1409 1013 lectionis
1442 943 1490 1015 et

282 1051 459 1137 imaginem
489 1051 661 1137 quamdam
694 1051 892 1125 retinerent,
922 1046 1092 1113 obscuram
1114 1055 1148 1113 et
1176 1047 1355 1135 fugientem
1386 1052 1476 1120 illam

281 1158 413 1245 quidem
437 1156 493 1223 sed
517 1178 598 1243 quae
622 1163 716 1221 acute
740 1154 947 1219 cernentibus
966 1153 1213 1231 oculiseorum‚
1237 1156 1294 1240 qui
1315 1176 1367 1221 res
1388 1156 1476 1244 ipsas

282 1270 315 1329 et
341 1271 467 1330 certum
489 1262 617 1330 dicendi
648 1279 743 1325 usum
772 1266 903 1324 teneant
929 1260 1058 1343 agnosci
1082 1265 1116 1323 ct
1138 1258 1310 1344 pristinam
1333 1260 1477 1347 figuram

281 1370 428 1455 recipere
451 1368 553 1455 possit
573 1375 604 1433 et
627 1384 779 1452 expressa
798 1382 964 1449 apparere.

327 1473 408 1539 Nam
421 1480 662 1559 praeterquam
679 1470 765 1557 quod
780 1467 991 1535 distrahenda
1011 1468 1233 1554 coniungunt,
1249 1471 1477 1557 coniungenda

277 1576 489 1654 distrahunt,
515 1596 598 1662 quae
624 1595 675 1641 res
702 1575 861 1641 mirificas
882 1573 993 1640 turbas
1015 1573 1091 1640 dare
1115 1573 1215 1653 solet,
1237 1575 1294 1641 sed
1313 1576 1387 1642 sine
1409 1578 1476 1644 ullo

276 1682 399 1748 damno
422 1682 549 1768 antiqui
574 1682 774 1747 monumenti
796 1680 880 1746 ludit
906 1679 1042 1745 lectores
1059 1680 1167 1744 minus
1188 1689 1321 1756 acutos,
1351 1682 1476 1749 littera·

278 1808 355 1853 rum
379 1785 500 1854 formas
518 1807 617 1874 paene
642 1785 764 1852 similes
785 1793 842 1851 aut
866 1806 928 1850 non
941 1784 1082 1850 multum
1099 1783 1273 1851 dissimiles
1296 1785 1476 1855 ridiculum

279 1895 314 1957 in
331 1891 463 1957 modum
490 1894 626 1959 miseere
646 1890 758 1957 solent.
805 1902 837 1956 A
855 1910 896 1955 an
919 1902 948 1957 Δ
972 1910 1013 1955 an
1037 1900 1069 1956 A
1089 1890 1131 1955 sit
1147 1890 1305 1977 seriptum
1322 1899 1379 1957 aut
1395 1896 1476 1959 scri·

278 1996 421 2062 luendum
443 2018 502 2063 nec
527 1999 635 2063 sciunt
659 2016 718 2062 nec
740 1996 901 2080 cogitant,
925 1995 1077 2061 similiter
1099 1997 1218 2081 passim
1242 2005 1265 2061 Γ
1293 2005 1325 2063 et
1345 2008 1376 2063 T
1398 2019 1475 2066 con-

281 2101 424 2168 iundunt
451 2111 483 2169 et
508 2110 553 2182 Ε,
579 2112 699 2180 Θ,0,
726 2107 771 2176 G,
797 2108 827 2166 et
853 2111 895 2177 Z,
919 2110 972 2175 Τ,
998 2107 1030 2165 et
1054 2109 1178 2177 H,N,
1202 2111 1358 2180 T1‚1T‚
1383 2112 1472 2182 etl,

279 2216 325 2282 Γ,
351 2217 509 2285 Tetti,
543 2213 599 2286 10,
620 2214 1056 2284 etM,AA‚AA,AA‚
1089 2213 1276 2284 N1‚etN,
1301 2216 1346 2273 AI
1370 2215 1472 2289 etz,

282 2322 306 2377 Ζ
331 2319 364 2378 el
388 2324 437 2391 Π,
473 2323 520 2393 Η,
543 2325 611 2392 TI,
634 2322 714 2387 ΤΤ,
740 2321 807 2389 ΙΤ,
831 2321 890 2390 ΓΙ,
914 2320 976 2385 ΙΓ,
997 2318 1030 2376 et
1055 2320 1104 2384 Ψ,
1124 2320 1176 2387 Τ,
1199 2309 1337 2398 denique
1361 2333 1475 2381 omnes

277 2416 336 2484 hos
356 2437 481 2485 errores
505 2417 729 2504 coniungendo
756 2424 788 2483 et
812 2416 976 2482 miscendo
999 2436 1097 2503 prope
1118 2416 1305 2483 innumeros
1331 2416 1469 2489 iaciunt.

324 2522 509 2589 Nascuntur
529 2545 572 2591 ex
602 2522 665 2590 liae
689 2522 834 2588 socordia
864 2530 921 2587 aut
948 2529 1093 2587 monstra
1116 2521 1365 2601 vocabulorum,
1389 2544 1475 2610 quae

278 2626 372 2695 facile
395 2628 435 2695 ab
458 2630 609 2695 omnibus
634 2635 854 2715 procurantur
878 2628 954 2713 quia
984 2627 1099 2694 fallunt
1126 2628 1305 2705 neminem,
1328 2636 1386 2694 aut
1405 2630 1472 2698 alia

276 2752 316 2799 ex
340 2733 413 2799 aliis
434 2742 560 2800 mutata
584 2742 715 2819 repenle
735 2732 838 2798 forma
859 2731 956 2798 verbe
981 2733 1101 2798 Graeca
1125 2741 1289 2818 apparent.
1338 2733 1473 2803 nonme

277 2839 334 2924 qui
359 2837 464 2904 suerat
490 2839 681 2926 necopinato
705 2840 801 2905 vertit
823 2840 856 2902 in
887 2841 1047 2924 fortunam
1069 2836 1168 2923 fitque
1188 2837 1273 2920 τύχη
1298 2856 1335 2905 ex
1358 2844 1472 2924 ψυχή,

271 2951 459 3029 -sequtlnlur
482 2944 617 3024 εὐτυχία
637 2982 683 2994 -
703 2943 868 3025 εὐψυχία,
892 2945 1033 3023 εὐτυχῶς
1054 2978 1098 2991 -
1117 2944 1283 3025 εὐψύχως,
1303 2952 1414 3011 celera
1429 2948 1470 3014 ad

275 3044 410 3113 eandem
445 3067 603 3116 normam.
653 3049 688 3115 Si
713 3066 866 3134 maguum
892 3054 941 3111 est
966 3047 1014 3110 nil
1035 3049 1163 3125 mirari,
1191 3048 1322 3134 iniquus
1345 3051 1391 3116 sit
1412 3055 1469 3139 qui

273 3152 358 3218 lianc
380 3152 507 3219 laudem
528 3154 669 3220 librariis
690 3153 769 3219 nolit
788 3151 959 3237 impertiri.
984 3152 1145 3218 [licuntur
1165 3171 1183 3216 a
1208 3153 1333 3219 Drorrs.
1357 3155 1467 3226 Hunno.

275 3258 331 3324 IX.
357 3262 399 3325 29
424 3259 457 3323 in
478 3259 599 3345 praelio
622 3259 811 3326 occubuisse
831 3262 890 3322 τῶν
910 3263 1083 3337 sperneret
1095 3257 1174 3330 τινὲς
1194 3259 1468 3342 εὐτυχῶςάγω-

269 3362 439 3444 ταξάμενοι,
464 3365 591 3431 Rursum
605 3375 722 3431 contra
742 3361 802 3428 hoe
822 3363 972 3428 miserum
984 3361 1153 3428 videlratur
1175 3371 1207 3428 et
1227 3364 1355 3444 ἀτυχῶς
1374 3387 1464 3455 repo·

271 3470 359 3545 suit,
386 3470 441 3537 sed
465 3479 588 3537 veteres
612 3473 658 3536 sic
679 3488 783 3556 neque
800 3469 944 3553 cogitant
965 3486 1068 3552 neque
1090 3466 1279 3552 loquuntur.
1327 3471 1466 3540 Romani

270 3574 391 3641 milites
415 3575 453 3642 de
479 3596 568 3642 more
593 3577 742 3657 εὐψύχως
762 3579 993 3659 pugnaverant.
1020 3570 1113 3657 Apud
1133 3571 1270 3638 eundem
1292 3575 1379 3654 urbs
1399 3599 1465 3645 ma-

273 3698 336 3762 gna
361 3687 393 3744 et
417 3678 567 3764 opulenta
596 3682 628 3744 in
659 3698 740 3744 unas
763 3679 857 3744 aedes
889 3675 1093 3743 contrahit-ur
1117 3676 1172 3742 111.
1198 3683 1248 3743 11.
1270 3682 1287 3755 ἡ
1311 3680 1402 3758 πόλις
1423 3687 1466 3760 εἰς

273 3780 430 3849 ἐλάττονα
451 3782 557 3849 οἷκον
577 3793 726 3860 συνῆκται
738 3835 747 3862 ,
759 3784 844 3870 quod
857 3785 913 3870 qui
934 3803 997 3847 non
1014 3782 1118 3868 capiet
1140 3801 1267 3847 mecum
1279 3784 1372 3864 ὄγκον
1396 3809 1468 3874 pro·

272 3886 371 3955 habit.
420 3889 507 3954 Nihil
523 3897 573 3955 est
589 3889 743 3956 adversus
764 3888 820 3954 hos
845 3908 970 3954 errores
989 3887 1067 3952 satis
1090 3894 1197 3951 tutum
1219 3888 1268 3953 vel
1288 3893 1464 3962 munitum.

268 3991 339 4078 lpse
361 4014 508 4060 summus
537 3995 657 4063 lurrrun
678 3997 710 4060 in
740 4015 872 4060 nummo
896 3993 1033 4058 Cretensi
1054 3991 1150 4056 vertit
1172 3992 1205 4056 in
1229 3994 1404 4064 articulum
1432 4009 1464 4067 et

264 4106 357 4162 ‘ZAN
381 4089 581 4180 Κρητοιγενής
602 4102 658 4188 qui
678 4100 783 4166 luerat
804 4097 1008 4186 repenterelv
1026 4095 1134 4161 iactus
1150 4105 1219 4174 est,
1238 4097 1301 4162 vid.
1325 4099 1463 4175 uerno..

268 4199 307 4266 D.
320 4201 356 4267 N.
370 4201 409 4268 ll.
430 4225 460 4291 p.
479 4209 556 4272 501.
580 4208 635 4294 qui
660 4205 718 4272 cclv
738 4205 887 4272 Doricum
901 4203 1036 4267 formam
1050 4221 1107 4286 pro
1120 4199 1184 4266 zuo
1196 4221 1265 4267 esse
1277 4209 1463 4278 comminis-

268 4301 365 4385 citur,
378 4329 474 4395 quarn
488 4332 582 4378 nenio
594 4313 672 4378 vidit
688 4319 719 4378 ct
733 4331 827 4378 nemo
838 4307 969 4374 videbit.
992 4305 1212 4372 Librariorum
1227 4318 1334 4375 autern
1355 4313 1388 4378 in
1403 4314 1463 4383 hoc

266 4431 383 4498 genere
403 4436 549 4498 errores,
563 4437 760 4506 quamquam
781 4433 917 4480 numero
932 4431 1047 4477 carere
1062 4410 1214 4477 videntur
1232 4422 1267 4479 et
1287 4416 1461 4488 verboru-m

263 4519 309 4583 sie
333 4519 581 4608 depravatorum
613 4526 800 4590 varietatem
824 4539 894 4585 esse
925 4514 1100 4612 credideris
1127 4519 1358 4604 propemodum
1388 4525 1459 4592 inli-

265 4624 385 4706 nitam,
407 4631 513 4700 tomen
540 4632 572 4696 in
593 4627 766 4718 permultis
791 4623 937 4690 cernitur
958 4621 1010 4708 illa
1031 4622 1160 4693 errandi
1184 4627 1383 4707 constantia,
1397 4652 1462 4716 qua
