3309 5750
738 656 803 719 297

175 876 240 921 non
268 852 361 920 aliter
388 843 501 917 solent.
532 849 615 933 Ibit.
635 856 654 939 §
672 852 724 915 26.
748 850 857 917 ούτωσδ
881 851 940 931 μέν
967 851 1106 942 [οίπλῶς]
1134 856 1284 933 οίκούσαι,
1311 872 1347 926 ut

175 984 268 1052 saepe
286 959 370 1051 apud
391 958 642 1025 Duuosrnnnurt
660 969 692 1022 et
711 957 894 1023 Ptttonunt
913 957 1031 1047 legitur
1048 960 1087 1032 ὡς
1108 958 1184 1025 οὕτω
1205 966 1239 1040 μ’
1253 966 1347 1030 aznot.

175 1093 245 1142 σαι,
279 1067 317 1140 τίς
346 1093 386 1147 γε
413 1066 522 1131 οὑτωσί
549 1068 701 1141 οίκούσαι,
731 1065 840 1130 οὑτωσί
871 1067 928 1145 μέν
957 1067 1106 1144 οἰκοῦσαι,
1127 1068 1261 1133 οἰκοῦσαι
1287 1070 1346 1148 μέν

173 1172 237 1253 γὰρ
270 1173 378 1237 ούτωσί
404 1171 584 1250 παγκοίλως
610 1169 679 1251 ἔχει
704 1169 871 1237 Dnuosttt.
895 1195 928 1261 p.
950 1175 1032 1250 355,
1053 1175 1105 1239 28.
1146 1170 1185 1237 In
1217 1172 1348 1240 Ptero-

174 1297 225 1344 nrs
245 1278 380 1343 Philebo
401 1275 487 1341 idom
506 1275 616 1341 vitium
640 1288 686 1341 est
705 1300 736 1367 p.
759 1279 799 1340 12
823 1294 856 1343 c..
877 1276 923 1345 ἐςι
945 1277 1008 1358 γοδς
1030 1276 1153 1341 ύκούειν
1172 1278 1229 1355 μὲν
1250 1277 1345 1353 ούτως

174 1384 312 1473 [οίπλῶς]
337 1381 368 1449 ἐν
392 1408 440 1459 τι,
475 1382 560 1448 male
587 1382 672 1448 euim
702 1383 840 1450 editores
865 1384 976 1455 ἁπλῶς
1000 1381 1040 1446 ad
1063 1379 1094 1446 ἐν
1114 1406 1145 1448 τι
1167 1384 1345 1453 retrahunt.

171 1490 210 1556 In
230 1494 288 1568 32,
309 1495 338 1557 8.
363 1490 400 1554 δι’
421 1486 471 1560 οὓς
495 1497 639 1569 προεῖπον
659 1488 822 1571 τυροίννους
851 1490 920 1579 [τήν
939 1488 1055 1555 ἐλπίδα
1075 1488 1128 1554 καί
1153 1489 1206 1555 τὸν
1224 1488 1342 1580 φόβον]

170 1618 253 1686 quae
281 1577 390 1684 paucis
412 1606 485 1660 aute
514 1594 655 1660 versibus
679 1596 729 1661 bis
755 1596 817 1661 iem
845 1596 1011 1662 nominata
1034 1606 1109 1661 sunt
1127 1619 1192 1662 non
1211 1611 1345 1686 possunt

127 1737 128 1740 τ
170 1706 307 1767 tertium
326 1700 463 1791 insipide
487 1702 739 1774 commemorari.
773 1701 857 1769 thid.
881 1706 932 1768 47.
963 1702 1052 1783 εὑρὼν
1075 1700 1138 1781 γὰρ
1167 1702 1227 1774 τας
1253 1707 1344 1771 Ἐπι-

170 1807 275 1888 κούρου
298 1806 403 1888 κυρίας
431 1805 523 1883 δέξας
546 1807 580 1871 τὸ
605 1805 757 1877 κοίλλιςον
783 1809 821 1880 ύς
849 1803 937 1873 οίσύα
961 1808 1020 1871 τῶν
1045 1804 1182 1882 βιβλίων
1208 1806 1261 1871 καί
1287 1817 1343 1873 .κέ-

169 1912 338 1996 φαλαιύδη
361 1910 506 1991 περιέχον
525 1917 582 1985 τῆς
607 1912 733 1994 τοένδρδς
761 1911 878 1994 σοφίας
900 1911 944 1976 τίς
966 1909 1137 1989 δόγματα,
1164 1910 1275 1977 vitiosa
1297 1926 1345 1979 est

168 2015 248 2083 haec
278 2015 448 2083 verborum
478 2015 683 2104 compositio:
713 2016 783 2106 lege
802 2017 846 2082 τίς
870 2015 1075 2097 κεφαλαιώδη
1101 2025 1133 2078 et
1160 2018 1277 2082 senties
1298 2018 1342 2084 τοὶ

169 2122 320 2209 δόγματα
350 2119 492 2210 spurium
521 2142 597 2185 esso.
645 2119 751 2186 Simili
769 2120 867 2186 modo
893 2123 949 2197 41,
970 2123 1024 2184 34.
1044 2119 1115 2209 lege
1133 2119 1147 2183 ὁ
1167 2124 1261 2196 αύτύς
1284 2148 1344 2214 pro

170 2226 265 2297 αύτύς
296 2236 329 2290 et
356 2224 523 2313 apparebit
553 2225 714 2304 ἀρνεῖσθον
745 2226 862 2306 ὀλίγοις
895 2222 1062 2303 δυνοίμενος
1097 2247 1164 2290 esse
1195 2226 1344 2297 insiticia.

172 2330 293 2421 Lepido
320 2342 387 2396 erat
406 2330 562 2420 scriptum
583 2333 640 2410 42,
661 2333 713 2398 28.
737 2332 786 2395 οίεί
816 2328 880 2411 γοίρ
907 2354 949 2408 με
976 2330 1089 2410 μοιχὸν
1116 2332 1343 2410 ὑποπτεύοντες

168 2433 247 2502 εἷναι
270 2444 339 2502 τῶνΔ
360 2437 460 2502 αὐτῶν
483 2440 638 2515 γυναικῶν
662 2435 798 2519 ἐδίωκον,
826 2434 947 2500 insulse
967 2435 1084 2525 aliquis
1101 2436 1235 2503 inseruit
1263 2437 1342 2507 εἶναι

173 2542 246 2631 [τῶν
273 2540 404 2631 ίππων].
453 2540 490 2606 In
520 2545 583 2622 45,
604 2544 658 2607 29.
689 2540 906 2617 κατέσκληκεν
939 2537 1008 2614 troo
1047 2542 1248 2633 [intererint]
1284 2547 1342 2611 ὑπὸ

168 2647 355 2729 φροντίδων,
389 2659 475 2713 recte
501 2648 591 2735 §Si
625 2646 790 2721 ἐκτέτηκεν
814 2643 884 2719 ύλος
914 2646 974 2712 ύπδ
1004 2653 1064 2711 τῶν
1089 2655 1262 2727 λογισμῶν.
1304 2650 1343 2717 In

170 2756 228 2831 46,
249 2756 281 2819 2.
310 2753 474 2824 Μένιππος
499 2754 573 2829 ἡμῖν
594 2750 736 2824 διοπετὴς
761 2749 892 2832 ποίρεςιν
922 2750 971 2838 [ἐξ
993 2752 1147 2840 ούρανού].
1187 2759 1344 2833 Διοπετής

168 2858 326 2948 significat
343 2858 378 2936 ἐξ
392 2859 532 2940 οὐρανούς
546 2856 734 2923 Hnsrcmns
754 2855 949 2929 διοπετέςε
974 2853 1009 2932 ἐξ
1026 2857 1150 2937 ούρανοῦ
1162 2858 1340 2940 ἐρχύμενον.

168 2968 237 3054 §e
261 2966 296 3030 τὸ
321 2963 446 3049 μεταξὺ
469 2971 525 3038 τής
552 2963 683 3038 σελήνης
711 2960 764 3025 καί
791 2964 846 3025 τοῦ
874 2959 961 3040 ήλίου
989 2959 1125 3047 [χωρίον]
1148 2984 1214 3029 non
1235 2969 1343 3056 potuit
1382 2955 1385 2960 ¹

166 3070 359 3137 vocabulum
386 3067 525 3158 ineptius
557 3065 699 3157 suppleri
718 3087 815 3156 quam
834 3064 956 3146 χωρίον.
1003 3063 1128 3132 Dicitur
1155 3070 1339 3154 τὸμεταξύ

169 3189 206 3242 ut
225 3161 260 3242 τδ
282 3177 376 3254 μέσον
397 3174 431 3238 in
454 3172 598 3239 oraculo:

343 3281 370 3344 εί
394 3280 428 3344 τὸ
453 3278 546 3358 μέσον
570 3278 701 3353 κτήσαιο
725 3276 863 3358 Κορίνθου
887 3277 939 3343 καί
965 3285 1127 3352 Σικυῶνος.

166 3393 184 3476 §
202 3387 257 3449 20.
281 3381 355 3462 πρὸς
373 3380 482 3446 τούτύν
498 3405 540 3459 με
561 3380 701 3462 ἀδελφὸν
722 3379 798 3464 ίντα
813 3381 901 3468 [μου]
919 3388 1114 3463 συγκροῦσαι
1137 3386 1340 3467 προαιρούμε-

165 3515 225 3565 νοι,
244 3507 420 3579 pronomen
440 3484 474 3550 iu
493 3484 611 3550 talibus
631 3485 739 3549 locum
762 3508 826 3551 non
846 3483 954 3553 habet.
989 3485 1028 3551 In
1045 3487 1343 3581 Thesmophorion.

165 3620 208 3664 ra.
233 3598 277 3660 74
302 3603 466 3682 receptum
492 3591 634 3682 oportuit

135 3788 138 3792 Α
378 3700 412 3763 ού
437 3705 516 3780 χρήν
541 3723 577 3763 σε
600 3696 747 3779 κρύπτειν
771 3696 848 3763 ύντα
870 3699 1000 3774 κηδεςήν
1025 3702 1106 3779 ἐμέ.

164 3829 224 3897 pro
251 3803 323 3884 ἐμίν
347 3827 365 3869 a
388 3804 564 3871 Bauncnto
583 3802 800 3871 emendatum.
836 3808 854 3890 §
875 3807 928 3870 32.
952 3808 985 3869 ού
1011 3805 1143 3887 μετρίως
1171 3811 1256 3899 ήμῷν
1281 3835 1339 3875 κα-

164 3911 337 3978 ύοίπτονται
357 3912 439 3990 μήτε
460 3910 679 3990 ἐπιμελεῖσθαι
700 3917 760 3974 τῶν
784 3911 946 3990 οίνύρύπων
967 3908 1115 3987 λέγοντες
1139 3911 1222 3998 [τοὺς
1239 3915 1337 4005 θεούς]

163 4017 231 4085 κτέ.
267 4018 285 4100 §
307 4020 361 4082 33.
384 4017 415 4088 ἐς
437 4016 536 4082 νέωτα
559 4011 608 4082 οὖν
635 4015 822 4103 [ἐρχομένου
847 4009 927 4103 ήρος]
949 4013 1037 4079 κακοί
1059 4023 1162 4089 κακῶς
1186 4019 1339 4085 οίπολοῦν-
1409 4093 1412 4096 ,

163 4145 238 4195 ται,
258 4121 377 4211 optime
395 4121 622 4212 interpretatur
642 4120 839 4210 quicumque
858 4119 1042 4210 adscripsit,
1065 4119 1119 4186 sed
1143 4121 1177 4187 in
1197 4125 1339 4214 margine

164 4237 233 4300 erat
258 4224 516 4316 relinquendum.
552 4229 611 4304 68,
633 4230 665 4292 9.
688 4226 806 4298 τούτοις
832 4223 935 4290 ίίπασι
963 4227 1184 4305 προεκπλήξας
1205 4229 1241 4293 τὸ
1268 4231 1338 4296 ύέα-

162 4354 232 4413 τρον
257 4331 309 4396 καὶ
338 4334 503 4412 ύαυμαςῆς
529 4330 653 4403 ἐλπίδος
677 4331 848 4408 ἐμπλήσας
875 4330 958 4417 [τοὺς
980 4329 1126 4418 ceored:
1155 4333 1190 4397 τὸ
1214 4334 1338 4417 ύέατρον

163 4436 321 4526 significat
333 4439 404 4509 τοὺς
418 4436 551 4511 ύεατοίς,
563 4449 599 4501 ut
610 4435 783 4501 sexcenties
796 4433 880 4524 apud
894 4433 1155 4502 Anlsrol’uannu
1167 4450 1198 4504 et
1212 4462 1338 4520 omnes,

164 4565 264 4634 quare
284 4540 490 4607 manifestum
508 4541 827 4633 interpretamentum
848 4541 982 4630 expelle.
1017 4541 1054 4604 In
1074 4546 1133 4621 63,
1147 4547 1198 4608 10.
1218 4553 1282 4615 τοῖς
1297 4547 1336 4617 ύς

162 4650 284 4724 οίληύῶς
311 4646 474 4734 [γνησίοις]
495 4648 640 4720 πολίταις
663 4659 795 4739 apparet
815 4646 988 4713 insiticium
1010 4669 1087 4714 esse.
1121 4648 1159 4714 In
1180 4653 1233 4725 67,
1251 4652 1288 4726 9,
1308 4652 1338 4716 2.

164 4752 318 4844 [πολλοὺς
336 4751 515 4841 μεδίμνους]
541 4753 635 4822 facile
656 4753 739 4857 mihi
758 4751 888 4821 dabitur
909 4751 1008 4820 sciolo
1018 4751 1152 4819 nehem
1174 4751 1211 4817 in
1228 4756 1288 4832 70,
1309 4757 1338 4823 4.

1108 4868 1138 4906 22
