3309 5750
799 654 864 720 254

247 874 284 929 ut
302 862 336 927 in
357 854 558 937 ἠλευύέροιντο
580 848 844 940 (ἠλευθεροῦντο),
869 846 1010 926 ἤγγελτο
1032 845 1260 935 (ἠγγέλλετο),
1280 847 1431 924 ἔσκεπτο

250 959 455 1054 (εόκοίττετο)
482 970 515 1024 et
534 956 693 1024 similibus
712 951 876 1030 omnibus,
905 973 1042 1041 quorum
1066 975 1179 1042 magno
1203 962 1254 1018 ost
1273 954 1373 1043 copia
1398 956 1431 1022 iu

250 1070 404 1139 Codicum
418 1063 590 1154 scripturis.
605 1060 774 1126 RarissIme
787 1057 1139 1148 plusquamperfectum
1152 1057 1184 1121 in
1196 1056 1429 1147 imperfectum

247 1178 331 1253 abit,
345 1184 454 1239 contro
469 1165 735 1258 frequentissime.
755 1163 847 1228 Dabo
867 1183 954 1227 nunc
969 1183 1071 1251 pauca
1088 1161 1244 1253 quaedam
1263 1166 1428 1255 exempla,

245 1283 279 1348 in
302 1279 487 1347 Oratoribus
516 1270 723 1340 emendandis
753 1268 830 1334 alias
854 1267 946 1358 plura
966 1268 1107 1332 daturus,
1146 1265 1184 1330 In
1208 1265 1428 1358 Cyropaedia

247 1385 336 1452 VIII.
352 1404 398 1454 tt.
417 1387 472 1449 23.
503 1380 556 1446 rai
586 1383 694 1443 ταῦτα
718 1374 775 1453 μὲν
800 1375 835 1448 et
860 1370 937 1436 οὕτω
964 1373 1187 1454 διεοκύττετο,
1208 1372 1341 1463 corrige
1370 1375 1426 1442 διί-

246 1516 382 1560 οκιιττο.
433 1486 528 1579 Apud
556 1485 784 1551 Tuncruluul
813 1477 885 1544 VII.
913 1480 944 1543 2.
978 1475 1022 1541 roi
1050 1476 1164 1542 δὲκαὶ
1191 1477 1426 1559 ἐξειργασμένα

245 1597 452 1663 κατελείπετο
472 1591 624 1660 scribitur
644 1587 728 1654 malo
752 1608 811 1676 pro
831 1582 1072 1649 κατελέλειπτο.
1107 1579 1163 1647 lt.
1185 1586 1239 1647 23.
1263 1584 1424 1665 ἀφικομέ-

246 1727 301 1768 νων
321 1702 352 1765 δὲ
375 1702 477 1765 αὐτῶν
500 1695 653 1764 διελύοντο
678 1693 765 1764 εύύὺς
791 1692 824 1755 αἱ
850 1687 998 1762 οτονδαί,
1018 1687 1127 1777 inepte
1150 1711 1209 1777 pro
1232 1688 1422 1755 διελέλυντο.

247 1805 365 1873 Contra
384 1803 441 1870 IV.
464 1806 515 1868 47.
539 1803 578 1872 ύς
597 1799 628 1863 δὲ
652 1798 835 1877 ἐλείφθησαν
858 1792 1006 1856 ε’λίλυντί
1029 1816 1065 1857 τε
1083 1795 1116 1857 αἱ
1135 1791 1265 1857 σπονδαί
1281 1793 1341 1866 Ικαί
1362 1816 1424 1858 τα-

243 1909 394 1991 ρεδίδοντο
419 1908 445 1971 οἱ
471 1904 576 1985 ἄνδρες
597 1912 684 1966 recte
707 1900 869 1972 tatarum,
904 1896 960 1961 scd
988 1898 1188 1978 ταρεδίδοντο
1214 1919 1276 1986 pro
1296 1883 1423 1977 ταρεδί·

242 2018 327 2080 δοντο
348 2033 477 2100 aegrum
500 2013 533 2076 οἱ
550 2008 699 2076 vitiosum
724 2015 783 2071 est.
830 2002 870 2069 lo
893 2002 1044 2078 Lucrsuo
1070 2025 1200 2093 quoque
1220 2025 1320 2092 saepo
1337 2000 1422 2068 idom

244 2114 436 2181 observabis.
479 2111 732 2181 Consunduotur
759 2112 819 2187 26,
841 2115 875 2174 6.
899 2110 1125 2176 κατετίταυτο
1153 2121 1186 2175 et
1207 2108 1421 2185 κατεπαύετο.

248 2226 301 2300 27,
324 2224 353 2286 1.
377 2221 602 2301 οίτονενέκροιτο
631 2229 664 2283 et
685 2218 917 2298 οίτενεκροῦτο.Ι
937 2218 1005 2296 st,
1027 2219 1060 2279 3.-
1083 2216 1226 2293 ἤγγελτο
1248 2226 1281 2280 et
1304 2212 1423 2293 ἠγγέλ-

243 2340 328 2390 λετο.
373 2322 482 2389 Redeo
511 2323 550 2390 od
572 2321 826 2398 Alexandrum,
856 2318 913 2384 ubi
934 2321 951 2403 §
974 2324 1027 2385 33.
1054 2322 1079 2384 εί
1103 2319 1250 2410 τοιούτοις
1273 2316 1423 2400 οὶνύρυτί-

244 2452 327 2501 arou
352 2428 554 2510 ἐνδιατρίβειν
580 2428 679 2512 ἠξίου,
714 2448 824 2493 rereor
854 2437 889 2490 ut
913 2424 972 2489 riri
996 2424 1085 2490 docti
1104 2423 1183 2489 haec
1204 2424 1301 2490 rerba
1327 2424 1423 2491 intel·

242 2533 398 2614 lexerin1;
429 2539 572 2602 vertunt:
605 2539 640 2600 ον’
667 2535 754 2597 tales
777 2536 869 2597 iuter
891 2532 1122 2596 homunciones
1140 2534 1280 2595 versari
1299 2534 1423 2610 voluit,

243 2640 334 2729 quasi
354 2663 427 2705 vero
446 2663 483 2705 ea
504 2663 554 2705 res
575 2638 698 2729 aliquid
719 2636 836 2703 habeat
863 2636 972 2702 reniae
994 2647 1026 2699 et
1047 2636 1273 2716 excusationis,
1306 2639 1334 2705 si
1352 2636 1422 2729 quis

242 2763 315 2830 oum
336 2742 523 2812 hominibus
544 2744 682 2810 inficetis
704 2754 737 2810 et
755 2742 862 2809 stultis
882 2741 961 2807 velit
981 2752 1116 2807 aetatem
1139 2765 1239 2832 agere.
1273 2742 1422 2824 ε’νδιατρί-

241 2849 310 2928 βειν
332 2835 394 2914 τινί
412 2860 459 2915 est
478 2851 625 2936 aliquem
644 2845 834 2933 tudrflcari,
858 2844 1029 2915 bominem·
1045 2847 1192 2917 hebetem
1213 2861 1245 2915 ot
1264 2849 1421 2915 insulsum

244 2965 276 3018 et
296 2953 458 3042 stupidum
478 2955 575 3021 ludos
591 2958 744 3043 iocosque
749 2957 882 3042 facere.
912 2952 1035 3020 Eodem
1053 2977 1145 3021 sensu
1163 2955 1282 3044 legitur
1299 2962 1359 3033 58,
1371 2958 1425 3025 26.

241 3057 353 3123 κωλύει
376 3056 652 3137 νύρ-ούδὲνκοίροί
673 3081 719 3122 σοι
745 3057 949 3139 ἐνδιατρίβειν
979 3061 1084 3135 ἐπειδὴ
1107 3061 1231 3141 χαίρεις
1252 3061 1421 3138 ἐξαπατύ-

240 3181 342 3242 ροενοε.
392 3159 548 3232 Similiter
576 3163 800 3231 Prorsucuus
822 3163 856 3229 in
875 3163 1018 3228 Pericle·
1035 3185 1063 3228 c.
1084 3167 1115 3230 4.
1143 3165 1253 3229 scribit
1273 3164 1419 3246 ταρέοχε

241 3276 306 3339 τοῖς
339 3276 486 3344 νομικοῖς
516 3269 677 3350 διατριβήν
706 3267 728 3334 i.
749 3290 778 3334 e.
807 3271 981 3332 materiem
1010 3269 1148 3339 iocandi
1167 3277 1206 3340 ,et
1235 3269 1421 3336 irridendi.

242 3371 281 3437 In
302 3375 320 3457 §
343 3375 396 3438 36.
419 3372 454 3437 τὸ
479 3374 505 3437 δ’
523 3374 554 3446 ἐς
580 3371 756 3439 τούναντίον
777 3381 842 3445 τοῖς
866 3371 1006 3444 τλείςοις
1031 3374 1218 3454 τρούχοίρει,
1251 3374 1368 3440 Graeci
1386 3375 1421 3441 Iu

137 3472 141 3484 ⁴
241 3499 277 3542 eo
307 3501 342 3544 rc
372 3477 485 3545 dicunt
515 3481 708 3560 περιελθεῖν,
729 3487 891 3561 τεριεῆναι
924 3490 956 3543 et
987 3482 1167 3561 τεριεχύρεν
1190 3483 1419 3570 corrigendum

241 3595 309 3661 ost„
332 3590 349 3672 ς
374 3588 426 3650 39.
450 3586 476 3650 οἱ
498 3583 654 3664 Καίσαρος
680 3584 826 3662 οἰκονόμοι
849 3607 914 3651 non
935 3595 1009 3649 sunt
1030 3584 1282 3673 dispensatores
1303 3586 1421 3655 Cacsa-

242 3690 301 3768 ris,
319 3689 373 3755 sed
387 3701 639 3780 procuratores.
676 3691 774 3774 §1490
799 3689 961 3770 ἑκοίτεροςι
986 3690 1093 3780 plures
1115 3713 1212 3780 quam
1236 3692 1302 3757 duo
1323 3693 1421 3760 fuisso

242 3818 344 3885 quum
365 3797 405 3861 sit
424 3795 499 3861 satis
520 3793 585 3861 reri
605 3794 710 3859 simile
730 3792 842 3866 ἕκαςοε
862 3794 1034 3884 legendum
1055 3799 1124 3862 erit.

249 3949 250 3952 ,
288 3900 327 3965 In
357 3901 472 3967 libello
501 3899 568 3979 περὶ
593 3901 749 3980 ὀρχήσεως
771 3904 830 3977 33,
852 3906 881 3968 8.
911 3904 966 3966 οὐκ
989 3904 1141 3982 αἰσχῦναι
1164 3905 1232 3994 lege
1251 3907 1284 3971 ού
1305 3925 1421 3973 καται-

241 4010 370 4084 σχῦναι.
397 4009 459 4091 §9.
483 4007 539 4078 τὴν
554 4005 650 4068 ’Ίλιον
662 4005 788 4068 καύεῖλε
804 4004 857 4068 καί
869 4007 911 4077 είς
927 4005 1043 4088 ἔδαφος
1060 4009 1261 4090 κατέρριψεν,
1280 4011 1419 4080 emenda

240 4105 307 4175 είλε,
330 4109 383 4174 καί
405 4112 447 4181 είς
472 4109 588 4188 ἔδαφος
613 4107 813 4187 κατύρειψεν.
840 4107 1032 4199 Saepissime
1051 4117 1223 4194 κατερείπει
1244 4126 1277 4180 et
1297 4139 1420 4199 καταρ-

241 4211 338 4292 ρίττω
360 4210 570 4300 (arreptura)
590 4209 656 4275 ridi
672 4209 757 4276 iuter
775 4235 806 4277 se
822 4216 1057 4303 permutatim
1073 4218 1284 4297 κατέρριρομαι
1300 4256 1348 4270 -··
1359 4245 1419 4286 κα-

239 4317 428 4398 τερύριροροαι
460 4319 613 4406 (namquo
640 4315 684 4382 sic
711 4316 832 4408 ubique
860 4319 1084 4400 scribendum,
1117 4310 1151 4388 ut
1172 4323 1417 4403 ἐξαλύλιμροαι,

238 4443 304 4485 non
325 4412 586 4508 κατερήρειρορααι)
609 4433 641 4488 et
661 4414 870 4507 κατυρείφύκν
890 4465 936 4475 -
956 4428 1172 4508 κατερρίφύνν.
1209 4430 1226 4512 §
1250 4431 1302 4492 27.
1332 4432 1418 4507 μήτε

240 4527 297 4601 τὴν
317 4534 444 4601 λεοντῆν
461 4527 610 4600 αίδεούείς
629 4529 711 4606 μήτε
725 4529 760 4593 rb
776 4530 926 4621 ρ’ύταλον,
945 4528 1144 4610 ύτερίκειται
1165 4533 1300 4625 absurda
1321 4535 1420 4601 lectio

239 4630 485 4726 transpositione
504 4633 731 4726 sanari'potest
749 4631 783 4709 ἢν
804 4636 977 4717 περίκειται
999 4636 1136 4723 αύτετδ
1157 4639 1303 4722 ῥίταλον.
1330 4645 1419 4728 §50.

238 4739 413 4820 Ἐχινοίδιιν
441 4737 585 4807 οίνοίδυοιν
612 4741 727 4809 melius
753 4740 913 4809 οίνοίδυοιν.
950 4742 1053 4830 §ot
1068 4739 1142 4827 ύτερ
1168 4746 1300 4827 μένιεος
1326 4747 1420 4817 ἔται-
