3309 5750
787 631 859 695 tut.

238 834 309 899 ταῖς
336 824 466 907 ἡμέραις
485 827 771 905 eberbacensem.
806 823 1046 915 Respondetur:
1071 825 1185 907 ἄπειμι
1207 825 1266 907 ριόν
1288 827 1321 903 ἐς
1341 823 1413 902 riri,³

236 955 353 1022 ρισαν,κ
366 930 451 996 ἔοικα
473 931 505 995 δὲ
529 930 665 994 ἐνταῦθα
690 927 863 1009 διατρίψειν
888 932 976 1011 τριῶν
1003 931 1021 1006 ἢ
1044 931 1300 1013 πέντε-ἡμερῶν,
1326 953 1412 1024 quae

238 1048 362 1103 scatent
389 1035 491 1115 uitiis,
526 1035 601 1100 satir
629 1033 724 1099 credo
753 1034 941 1102 manifestis.
987 1035 1149 1101 Permulta
1178 1036 1274 1125 igitur
1302 1039 1415 1103 insunt

238 1143 369 1221 vitiosa,
401 1140 456 1208 sed
481 1142 580 1231 ipsius
600 1140 762 1231 scriptoris
783 1140 926 1219 inscitia,
950 1141 1110 1231 aquibus
1130 1140 1415 1207 abstinendum-at

239 1252 257 1336 §
277 1256 308 1315 3.
326 1250 451 1316 ἐκέλευε
467 1249 746 1315 σννανακλίνεσθαι
766 1270 826 1338 pro
847 1249 1177 1333 συγκατακλίνεσθαι,
1201 1259 1234 1314 et
1248 1254 1267 1335 ς
1282 1249 1314 1312 6.
1333 1244 1414 1318 irrue

240 1354 313 1439 ἔλθρ
337 1356 390 1420 καί
419 1357 610 1437 καθενδιίσρ,
637 1367 776 1420 extrema
798 1354 959 1419 barbaries
979 1365 1026 1419 est
1045 1355 1259 1429 incriminare.
1287 1352 1341 1418 sed
1371 1351 1416 1416 sle

239 1460 293 1525 isti
320 1459 473 1526 solebam.
528 1458 641 1525 Insunt
670 1472 777 1526 tamen
808 1458 1029 1549 compluscula
1063 1457 1237 1523 scribarum
1264 1470 1416 1549 peccata,

242 1585 380 1653 quorum
409 1586 512 1654 pauca
536 1566 705 1655 attingam,
729 1566 762 1629 in
783 1571 800 1653 §
823 1568 875 1629 16.
899 1564 995 1643 ἔγνον
1009 1569 1092 1645 σιγῇ
1112 1564 1248 1643 προϊέναι
1272 1562 1416 1647 καδιιέρ·

238 1667 351 1732 δαίνειν
385 1671 420 1734 τδ
456 1671 501 1750 μὴ
530 1672 689 1737 παίεσθαι.
713 1671 998 1760 'genuinumzesse
1026 1668 1163 1733 arbitror
1190 1668 1356 1748 κερδαίνειν
1379 1668 1415 1730 ‘tl

239 1771 404 1845 παίεσθαι.
430 1775 717 1865 compendrsaeere
731 1778 878 1866 plagas.
899 1776 945 1840 sic
959 1774 1053 1839 enirn
1072 1774 1237 1855 κερδαίνειν
1253 1795 1417 1860 nonnum-⁴

239 1900 337 1968 quam
358 1878 488 1960 Graeci,
513 1904 607 1972 saepe
629 1882 782 1949 Graeculi
804 1896 956 1973 usurpare
977 1880 1101 1962 solent,
1123 1879 1166 1943 'de
1190 1901 1254 1968 quo
1277 1891 1335 1943 usu
1359 1876 1416 1943 arl-

238 2005 373 2052 monens
404 1983 548 2052 Gssmus'
580 1986 621 2052 ad
650 1985 784 2053 Dronmr
813 1985 993 2052 Gaarsusr.
1021 2009 1054 2075 p.
1077 1988 1142 2050 593
1162 2004 1193 2048 ι.
1224 1982 1416 2049 scribentem

237 2088 359 2170 αἰσχροὶ
382 2091 524 2170 κερδανεῖ
546 2090 716 2169 θεοίροατα,
743 2093 838 2158 affert
862 2092 1068 2156 Ριιιιιιιοιιιε
1091 2089 1268 2154 senarium:
1321 2095 1324 2101 '

419 2198 483 2266 ποίς
508 2195 571 2277 γοδρ
596 2195 689 2272 πένης
714 2197 752 2261 ὢν
776 2195 913 2276 μεγοίλα
936 2195 1086 2275 κερδαίνει
1110 2194 1208 2257 κακοί.
1434 2267 1439 2273 .

240 2311 272 2364 et
292 2320 329 2364 ex
349 2297 497 2362 lllttttttlo
517 2300 684 2378 κερδαίνειν
709 2302 752 2365 st
777 2301 873 2366 δεινοί.
918 2299 1009 2365 ldem
1029 2296 1109 2363 mibi
1133 2296 1287 2363 indicarit
1307 2296 1416 2362 lucum

238 2402 399 2470 Dtottuttls
418 2402 560 2468 Libum
581 2401 653 2470 Vll.
676 2407 726 2469 14.
751 2403 949 2484 κερδαίνοντα
968 2405 1003 2468 τό
1026 2410 1101 2481 γοῦν
1122 2402 1221 2483 ἕτερον
1245 2402 1415 2482 abacista

239 2511 444 2589 ἐνοχλήσεως.
481 2506 639 2574 Similiter
658 2532 752 2599 saepe
773 2507 1047 2574 alinsGraeculos
1064 2506 1128 2571 ridi
1149 2506 1294 2571 scribere.
1325 2503 1417 2571 Gua-

240 2632 342 2680 turon
361 2638 396 2704 p.
416 2616 470 2679 36.
491 2615 648 2695 κερδανεῖς
670 2616 733 2696 γόιρ
755 2615 864 2684 ὠδῖνας
887 2612 1031 2693 ματαίας
1053 2611 1106 2676 καί
1127 2610 1292 2692 κνοφορίαν
1314 2609 1416 2691 ἄχρα-

239 2744 291 2791 ςον
326 2732 358 2788 et
385 2744 419 2811 p.
450 2722 523 2785 101.
554 2721 705 2801 κερδήσας
735 2720 791 2811 τὴν
820 2722 952 2799 προῖσιν,
984 2719 1019 2784 rb
1043 2719 1201 2800 λ-ρςιίριον,
1230 2716 1274 2780 rot
1299 2715 1414 2794 δεσμοί.

240 2826 354 2892 eodem
381 2825 479 2914 igitur
504 2825 601 2892 modo
621 2824 786 2907 κερδαίνειν
810 2825 846 2890 ri
870 2824 1018 2891 παίεσθαι
1040 2824 1194 2914 scriptum
1213 2821 1310 2888 luisse
1329 2820 1416 2886 arbi-

242 2945 319 2998 tror.
343 2939 360 3021 §
383 2937 433 3000 18.
453 2932 597 3005 παίοντες
623 2935 656 2997 οὐ
679 2931 820 3013 πρόπερον
842 2933 974 3013 οίφῆκαν
996 2932 1065 3014 πρὶν
1084 2933 1119 3008 ἦ,
1140 2931 1263 3020 corrige
1283 2930 1416 3002 ἀνῆκαν.

240 3042 332 3129 530.
365 3037 453 3120 ἔργον
487 3034 521 3114 ἦν
555 3040 598 3120 τῷ
632 3037 769 3120 ὀννλοίτρ
804 3040 999 3103 ἀποκτενεῖν.
1021 3063 1082 3117 με,
1116 3038 1192 3103 imu³
1209 3034 1414 3102 ἀποκτείνειν.

241 3149 331 3234 §34.
354 3146 409 3220 τῖον
430 3142 517 3224 κόρην
536 3145 591 3218 πίοι
616 3144 674 3208 ὑπδ
693 3153 757 3215 τοῖς
782 3152 896 3225 λρςαῖς
918 3144 1101 3229 γενομένην,
1121 3141 1325 3210 scribendum
1345 3137 1415 3217 ὀπί,

242 3262 279 3315 ut
307 3273 400 3340 supra
425 3248 633 3314 ostendimus.
664 3251 757 3336 538.
779 3248 885 3325 ὀλίγον
907 3248 1035 3322 ἐδέησαν
1058 3250 1269 3320 vinearetum.
1291 3245 1417 3308 Pum-

241 3371 302 3419 uus
319 3365 353 3417 et
372 3350 576 3418 conannas
596 3350 703 3428 ὀλίγον
723 3360 939 3415 correxerunt.
973 3350 1114 3416 »Male''
1134 3350 1250 3414 iudice·
1262 3348 1417 3414 laccurr-

241 3477 309 3537 zm,
332 3457 387 3523 sed
408 3479 522 3548 parurn
543 3455 672 3521 idoneo.
720 3455 901 3522 Bsnxuuua
927 3467 1031 3519 serrat
1049 3457 1155 3535 ὀλίγον
1177 3455 1231 3521 sed
1252 3452 1360 3533 ὀλίγον
1384 3453 1418 3519 ἰιι

241 3564 312 3630 ima,
327 3563 440 3654 pagina
461 3563 588 3628 subiicit
605 3583 680 3626 curn
702 3559 912 3625 dubitationis
931 3557 1179 3646 significatione,
1203 3571 1241 3623 ut
1259 3559 1301 3623 iu·
1313 3580 1347 3623 re
1366 3557 1418 3622 iu·
1474 3555 1476 3559 ’

243 3681 330 3736 certa
348 3682 380 3735 et
403 3669 562 3758 ambigua.
609 3665 692 3732 Satis
713 3679 820 3732 tamen
844 3676 967 3729 certum
987 3676 1035 3729 est
1053 3667 1181 3745 ἀποδεῖν
1201 3687 1327 3755 semper
1344 3686 1418 3729 eum

242 3776 445 3855 accusativis,
470 3777 531 3841 δεῖν
559 3782 625 3840 bon
655 3773 747 3838 aliter
766 3793 864 3861 quarn
888 3790 963 3835 cum
983 3770 1130 3859 genitivis
1151 3770 1418 3860 coniungisnot‘a

242 3886 316 3953 λοῦ,
342 3882 490 3954 πλείειν,
514 3883 641 3960 μικροῦ,
665 3879 790 3956 ὀλίγον,
819 3876 1180 3956 ε’λαχίτον,·ποσοιίτου,
1214 3897 1419 3966 nequeum-

243 3993 342 4076 quani
371 3986 404 4049 in
435 3983 693 4074 frequentissimo
723 3983 869 4049 omniurn
896 4003 973 4060 usu,
1005 3981 1101 4055 πολύ,
1131 3990 1278 4055 ποιεῖτον,
1309 3980 1418 4062 μικρόν

240 4100 322 4157 caet.
354 4088 407 4155 rel
430 4111 494 4152 αιιο
520 4088 555 4153 in
575 4089 648 4154 loco
670 4111 866 4178 comparere.
908 4087 994 4152 Fere
1014 4086 1137 4152 dicitur·
1151 4087 1260 4165 ὀλίγον
1279 4087 1346 4152 δεῖν
1366 4086 1419 4152 rel

243 4194 511 4273 Ῐιιοιίιιε-ὀλίγου,
537 4215 712 4283 numquam
731 4195 850 4272 ὀλίγον.
900 4191 988 4275 Quae
1010 4191 1125 4281 siquis
1145 4202 1319 4256 certa‘esse
1340 4191 1418 4257 olim

241 4303 334 4368 uerit
362 4313 417 4366 aut
443 4299 527 4365 inter
545 4298 725 4387 legendum
737 4320 832 4388 quam
854 4309 940 4364 certa
959 4299 1022 4362 sint
1042 4298 1177 4387 experiri
1196 4297 1334 4362 voluerit
1353 4297 1411 4362 ὀλί

242 4413 299 4488 γὀν
321 4405 449 4473 abiiciet
468 4415 500 4469 et
520 4404 628 4481 ὀλίγον
649 4403 742 4467 unice
760 4425 871 4467 rerum
892 4426 959 4468 esse
978 4403 1142 4470 fatebitur.
1184 4402 1321 4468 Librarii
1336 4401 1418 4467 'sub-

241 4512 319 4579 inde
337 4521 519 4601 peccarunt
548 4509 580 4575 iu
607 4509 741 4592 τοσούτῳ
766 4509 801 4574 'et
829 4509 917 4590 παροδ
945 4510 1052 4589 μικρὸν
1072 4509 1215 4588 -ἐδέιρσα,
1241 4509 1327 4582 aliis,
1362 4506 1418 4571 sed

241 4617 388 4707 castigati
414 4626 489 4683 sunt
519 4615 672 4682 erlibris
692 4615 908 4694 melioribusj
921 4613 1079 4704 imprimis
1099 4610 1137 4680 e'x
1163 4610 1417 4687 Urba‘noetelsu*

239 4730 362 4791 ctturts
391 4720 653 4812 eximia.2}ibra.:3
687 4720 1012 4789 uuonan-tram
1041 4719 1152 4788 obiter·
1165 4716 1425 4810 :opitulandum
