3309 5750
796 612 860 675 art
894 574 899 581 ’

241 810 280 876 ἄν
306 810 345 875 o’.
360 806 424 902 ἔτι,
458 828 543 897 quae
575 802 705 873 evidens
731 815 781 871 est
806 800 993 870 emendatio
1021 804 1057 870 in
1084 815 1232 873 nautam
1246 801 1422 895 ‚frequenti

244 925 466 1007 quam-certo,
488 935 587 1003 aquo
608 935 703 978 nemo
723 911 790 977 sine
810 909 995 976 auditorum
1016 910 1081 976 risu
1103 910 1271 983 discedere,
1284 920 1421 1003 poterat.

242 1021 333 1087 Nihil
361 1018 475 1091 horum
505 1018 676 1084 Luctartus
705 1029 850 1083 moratur
877 1015 931 1082 sed
962 1039 1019 1081 suo
1047 1017 1203 1084 arbitratu
1230 1019 1362 1086 διδοίσκιι
1388 1026 1421 1081 et

242 1127 429 1205 διδιίσκομαι
452 1137 572 1190 temere
593 1124 783 1202 confundit,
808 1136 844 1189 ut
862 1123 1013 1213 magister
1033 1147 1127 1215 saepe
1147 1123 1345 1189 διδάσκεσθαι
1370 1119 1421 1185 di-

242 1244 348 1298 catur.
383 1230 497 1320 Itaque
517 1229 651 1320 perinde
671 1242 718 1295 est
736 1241 846 1294 utrum
868 1234 904 1307 1,
923 1235 953 1295 2.
973 1230 1100 1295 δίδασκε
1121 1252 1161 1295 an
1180 1230 1324 1295 διδοίσκιν
1343 1226 1421 1291 scri-

242 1339 374 1415 burnus,
414 1358 610 1425 quamquam
641 1335 785 1401 διδοίσκοιι
817 1334 903 1425 apud
935 1334 1065 1400 Veteres
1091 1333 1269 1402 ridiculum
1299 1332 1420 1397 fuisset.

240 1442 397 1533 Exempla
416 1441 531 1531 passim
554 1452 744 1506 occurrunt:
772 1440 951 1507 Rhetorica.
964 1464 1048 1506 noro
1068 1440 1226 1531 discipulo
1246 1438 1421 1529 pollicetur

243 1557 278 1629 1,
301 1553 359 1614 1.0:
383 1546 427 1611 τοί
445 1571 481 1611 τε
501 1549 568 1611 θεῖα
592 1547 634 1611 ποί
655 1550 685 1613 τ’
704 1548 879 1627 ἀνθρώπινα
895 1550 950 1612 οὐκ
971 1550 1014 1620 είς
1035 1548 1160 1628 μακράν
1179 1572 1215 1612 σε
1236 1544 1417 1622 διδοίξομαι,

239 1667 271 1720 et
295 1659 351 1733 14,
374 1658 404 1718 3.
427 1651 460 1716 τί
479 1676 521 1729 με
545 1652 695 1729 §abigam
719 1690 765 1705 ·-
788 1652 954 1731 διδάξομαι
983 1655 1042 1732 μὲν
1070 1654 1153 1717 οὐδὲν
1179 1651 1349 1729 οίναμνιίσνι
1373 1648 1417 1713 δέ.

240 1759 290 1826 uf.
312 1764 372 1836 ιιι,
392 1759 444 1821 aa.
480 1758 533 1822 aa.
558 1759 596 1841 §s
618 1761 676 1835 ιι,
699 1764 758 1837 ιε,
783 1762 843 1835 ιιι,
862 1760 922 1835 20,
946 1761 1008 1835 21,
1029 1761 1082 1823 ιι.
1118 1760 1249 1836 50,17.
1284 1758 1343 1834 51,
1367 1757 1420 1823 ιι.
1537 1731 1539 1736 ’

237 1868 375 1943 70,12.
399 1863 479 1941 ἐγὼ,
509 1856 527 1937 ἦ
549 1863 576 1927 δ’
595 1859 644 1937 dr,
671 1862 840 1941 διδοίξομαί
864 1887 912 1928 σε.
936 1860 1023 1947 κᾷτα
1041 1860 1217 1943 οίρξιίμενος
1238 1859 1417 1947 ἐδίδασκεν,

241 1981 274 2037 et
297 1968 387 2034 alibi.
477 2027 480 2031 ,
588 1976 589 1979 ’
722 1995 725 2001 “
1013 1996 1016 2003 ·

286 2073 383 2140 aliud
404 2071 520 2151 vitium,
537 2071 689 2140 Locutio
714 2073 858 2139 solemne
877 2084 940 2152 est,
959 2072 1100 2152 τέθειμαι
1123 2095 1182 2165 pro
1201 2080 1311 2150 κεῖμαι
1330 2068 1419 2160 posi-

242 2195 321 2248 tum.
344 2175 567 2256 Athenienses,
583 2191 615 2243 et
634 2191 726 2244 antea
745 2179 840 2244 Iones
858 2200 983 2255 omnes,
1003 2200 1061 2267 pro
1076 2179 1218 2256 πέθειμαι
1237 2188 1420 2243 constanter

240 2285 351 2365 κεῖμαι
374 2281 535 2348 dicebant.
558 2283 673 2349 τιθέναι
697 2285 786 2363 νόμον
806 2296 839 2349 et
859 2284 873 2347 ὅ
895 2282 987 2361 νθμις
1013 2290 1134 2361 κεῖται,
1159 2281 1343 2361 περιτιθέναι
1366 2279 1418 2348 ςέ-

241 2400 341 2477 φανον
377 2391 416 2473 τῇ
448 2393 578 2472 κεφαλῇ
612 2404 644 2454 et
671 2390 684 2453 i
712 2390 849 2473 ςθφκνος
874 2398 914 2470 τῇ
938 2392 1067 2469 κεφαλῇ
1094 2387 1281 2466 περίκειται,
1314 2406 1418 2465 προτι-

240 2499 322 2564 θένκι
349 2494 450 2577 νεκρόν
474 2505 506 2559 et
526 2493 539 2557 ὁ
562 2495 663 2575 νεκρὸς
689 2494 867 2576 πρόκειται,
902 2492 980 2558 sici
1005 2499 1082 2564 παῖς
1108 2490 1263 2563 ἔκκειται,
1296 2488 1417 2566 Ιθσῖτος
1476 2570 1481 2575 Α

239 2602 426 2679 ἀπόκειται,
445 2596 626 2663 ,νίνιίκειται
656 2599 699 2663 τίν
732 2599 945 2677 ἀναθήματα,
984 2596 1020 2660 τὸ
1054 2593 1197 2672 σύνθημα
1228 2593 1416 2671 σύγκειται,

242 2704 276 2773 εὖ
291 2707 464 2772 διακεῖσθαι
486 2717 517 2769 et
538 2700 572 2770 εὖ
590 2705 773 2779 διατιθέναι,
796 2703 880 2769 etin
900 2701 1033 2781 caeteris
1054 2700 1218 2779 omnibus,
1237 2698 1325 2791 quod
1346 2698 1417 2789 quis

241 2835 307 2878 nou
327 2810 501 2877 sescenties
521 2810 604 2876 inter
622 2808 905 2900 legendumridit‘i
927 2808 1178 2897 Nonnumquam
1194 2806 1254 2870 ὑπό
1274 2805 1418 2886 additur,

238 2932 274 2985 ut
293 2914 326 2982 in
345 2917 443 2983 [sato
464 2916 550 2983 Orat.
569 2915 628 2983 ΙΙΙ.
650 2922 702 2982 32.
727 2917 757 2982 εί
779 2941 828 2989 τις
857 2919 920 3000 ᾔδει
939 2918 1021 2981 τοῦθ’
1049 2917 1107 2980 ὑπὸ
1130 2917 1184 2978 τοῦ
1210 2914 1327 2993 πατρὸς
1353 2911 1417 2976 κεί-

237 3051 343 3106 μενον,
369 3048 484 3091 nomen
503 3050 525 3090 α
538 3034 645 3116 putre
665 3028 866 3116 inpositum.
890 3023 1092 3089 Hsltobottts
1107 3018 1165 3090 ΙΙΙ.
1184 3022 1235 3086 40.
1254 3017 1355 3099 τρόπῳ
1371 3016 1415 3097 τῷ

237 3132 272 3209 ἐξ
291 3133 366 3210 ἐμοῦ
388 3129 577 3212 ὑποκειμένῳ
597 3131 682 3196 οίκθο.
708 3143 872 3221 praeterea
892 3129 956 3194 hoc
979 3151 1079 3194 unum
1100 3125 1225 3192 affirmo
1246 3135 1279 3190 et
1301 3145 1417 3212 urgeo,

238 3234 323 3302 hanc
352 3236 456 3324 legem
486 3248 677 3325 perpetuam
707 3235 779 3302 esse'
801 3247 836 3302 et
860 3257 1038 3325 numquam
1058 3258 1077 3299 ιι
1096 3254 1261 3323 quoquam
1284 3228 1418 3307 violari,

241 3342 302 3406 nisi
330 3365 347 3406 a
380 3341 562 3405 Graeculis:
595 3343 736 3420 τίθειμκι
770 3342 895 3431 passive
920 3363 1016 3406 nemo
1044 3338 1142 3415 dicit,
1172 3351 1418 3424 nonnumquam

240 3446 404 3512 transitivo
425 3468 519 3510 sensu
539 3445 572 3510 in
592 3445 697 3509 forma
717 3447 824 3512 media
844 3447 1097 3537 compositorum
1116 3441 1253 3532 iegitur,
1276 3451 1311 3506 ut
1331 3438 1418 3531 apud

241 3552 411 3619 Danosra.
438 3576 469 3643 p.
498 3555 575 3618 912.
609 3553 662 3615 οὐκ
697 3549 839 3633 ἔφασκεν
871 3550 941 3636 οὔτε
973 3551 1017 3616 τίν
1043 3550 1201 3630 χρήματα
1230 3546 1416 3610 ἐντεθεῖσθαι

237 3663 344 3724 τοῦτον
366 3657 437 3722 οὔτε
457 3658 492 3723 τὸ
509 3655 637 3737 χρυσίον
657 3655 948 3738 οὶπειλνφέναι,ει
969 3656 1014 3720 sic
1032 3653 1203 3720 Luctatus
1222 3663 1309 3721 recto
1328 3650 1419 3718 dedit

241 3762 274 3842 Ι,
294 3766 325 3829 9.
355 3765 386 3828 ἐν
417 3766 459 3845 τῷ
492 3765 615 3844 σώματι
645 3764 701 3838 τὴν
731 3759 864 3827 ίίπασαν
895 3764 1010 3828 ἐλπίδα
1041 3765 1095 3826 τοῦ
1129 3758 1200 3837 βίον
1230 3758 1416 3837 τεθειμένος.

242 3871 466 3959 Praeterquam
498 3871 531 3935 in
563 3869 680 3935 talibus
705 3868 803 3958 igitur
827 3869 983 3934 τεθεῖσθαι
1010 3866 1121 3933 atticis
1141 3888 1205 3930 non
1225 3876 1273 3931 est
1292 3863 1326 3929 iu
1348 3885 1418 3930 usu.

240 3975 355 4064 Itaque
376 3976 580 4042 vehementer
599 3975 723 4041 fallitur
742 3974 950 4041 Drnnonrrns
969 3975 1001 4041 in
1025 3974 1245 4039 [tanosanarna
1261 3997 1292 4063 p.
1311 3975 1368 4050 40,
1388 3973 1419 4040 1.

239 4084 266 4149 εί
293 4081 351 4159 μὲν
377 4081 444 4161 περὶ
475 4086 580 4145 καινοῦ
601 4083 681 4153 τινὸς
709 4081 901 4161 πράγματος
927 4080 1121 4162 προύτίθετο,
1153 4074 1302 4160 ὦίινδρες
1324 4079 1417 4154 Ἀθη-

239 4195 334 4266 ναῖοι,
357 4184 482 4262 λέγειν,
508 4183 711 4250 soribendum
732 4197 848 4274 putans
874 4184 1084 4265 προύτέθειτο,
1112 4195 1147 4247 ut
1166 4193 1198 4247 et
1217 4207 1250 4273 p.
1266 4185 1366 4262 1418,
1387 4185 1417 4250 1.

240 4314 312 4357 nam
334 4313 436 4382 prope
456 4290 628 4355 barbarum
649 4289 711 4354 boo
730 4302 786 4355 est.
819 4289 960 4356 Seriores
982 4289 1025 4353 ita
1042 4289 1236 4377 peccabant,
1256 4288 1305 4355 illi
1320 4311 1417 4354 num-

240 4421 347 4489 quam.
395 4394 467 4462 Non
489 4396 713 4462 animadvertit
732 4392 795 4460 boc
804 4394 985 4460 bocurtus
1005 4414 1106 4483 quum
1128 4393 1279 4459 scriberet
1306 4400 1344 4472 3,
1364 4398 1418 4461 24.

239 4509 304 4575 πῶς
330 4502 392 4583 γὰρ
422 4503 475 4567 οίει
500 4505 557 4578 τὴν
582 4504 692 4585 φνχδν
718 4498 928 4566 διατεθεῖσθαί
954 4521 1027 4578 μαι,
1062 4509 1117 4562 aut
1141 4502 1201 4578 32,
1220 4502 1273 4564 22.
1297 4496 1416 4564 οῖκίποιι

240 4632 270 4673 τι
290 4605 385 4685 ὄνομα
412 4609 446 4672 εἰι
471 4607 593 4680 λίπους.
606 4607 727 4686 αἰγείου
750 4604 1001 4683 συντεθειμένου,
1017 4632 1019 4637 ·
1034 4616 1089 4670 aut
1108 4608 1169 4685 39,
1191 4607 1242 4669 10.
1267 4603 1417 4669 διατίθει·

239 4737 307 4795 μαι,
328 4712 384 4778 aut
406 4715 462 4792 16,
485 4719 513 4780 5.
533 4715 701 4794 μετα-σῶν
725 4710 961 4794 ἕκτεθειμέναν,
992 4723 1025 4776 et
1047 4711 1162 4780 eodem
1179 4711 1277 4778 modo
1298 4707 1362 4776 ridi
1384 4721 1417 4776 ot
