3309 5750
885 615 927 677 98

302 796 421 858 areium
435 808 492 875 pro
499 787 691 854 οὶσοκσεκεῖκ.
707 785 824 853 Eadem
838 795 888 855 est
905 786 987 852 ratio
1000 786 1168 852 verborum
1188 787 1223 853 οὔ
1234 794 1318 870 <bear
1330 838 1337 864 ‚
1350 788 1463 868 ὄμνυμι
1475 805 1489 867 ,“

299 894 436 977 ἐλπίζω,
465 894 638 976 προσδοκῶ,
660 891 792 973 κομίζω,
815 892 941 972 olorem,
962 896 1123 972 ἡγοῦμοοο,
1147 895 1410 975 ὑσοσχνοῦμκιιιι
1435 894 1450 959 l
1471 932 1483 946 -

298 1008 409 1068 turum
432 999 582 1066 infinitivi
607 998 654 1063 sit·
681 998 918 1073 necessarium,
940 997 1134 1083 ubicumque
1158 999 1190 1064 in
1226 1006 1315 1064 reeta
1335 1001 1479 1066 oratione

295 1107 437 1193 positum
469 1113 595 1191 tempus
625 1102 709 1168 idem
745 1103 975 1188 requireretur.
1034 1102 1069 1167 ln
1096 1103 1305 1170 Xenornoxrrs
1342 1103 1483 1170 Anobcsi

297 1210 322 1277 l.
347 1231 381 1278 ιι.
407 1214 438 1277 d.
463 1208 675 1291 ὑποσχόμενος
698 1209 744 1287 μὴ
764 1209 890 1291 πρόσθεν
909 1206 1090 1274 πκύσοοοθοοι
1115 1215 1283 1294 propterea
1305 1209 1482 1277 absurdum

295 1322 365 1394 est,
388 1316 464 1402 quia
487 1314 624 1380 absurde
644 1313 743 1381 Genus
766 1313 916 1380 credetur
936 1312 1056 1379 dixisse
1085 1315 1119 1378 οὐ
1143 1314 1269 1395 πρόσθεν
1291 1316 1481 1396 ἐπαυσάμην

293 1439 352 1507 pro
380 1421 554 1501 σσύσσμκι.
601 1419 650 1485 lta
683 1416 895 1504 loquebantur
914 1417 1084 1493 Graeculi,
1124 1419 1235 1505 quiid
1267 1420 1403 1486 traxisse
1433 1422 1478 1485 vi·

294 1523 413 1592 dentur
439 1545 478 1592 ex
501 1526 581 1592 locis
606 1524 659 1589 obi
682 1522 720 1588 ἄν
744 1544 819 1590 cum
841 1522 991 1589 infinitivi
1012 1524 1141 1589 aoristis
1165 1526 1375 1590 coniunctum
1392 1546 1480 1612 pror·

294 1649 351 1696 sus
373 1629 476 1696 lutori
501 1629 654 1717 temporis
670 1630 772 1695 instar
799 1628 963 1695 videretur
986 1627 1124 1706 habere,
1154 1628 1192 1694 ἴον
1219 1630 1250 1694 in
1278 1629 1395 1697 talibus
1419 1629 1480 1697 lre·

294 1736 505 1822 quentissime
539 1742 596 1800 aut
627 1733 746 1799 excidit
769 1741 826 1799 aut
858 1753 931 1800 eum
962 1732 1057 1799 verbo
1080 1734 1245 1801 coalescit:
1270 1734 1354 1820 quod
1378 1755 1479 1821 quum

294 1839 412 1906 millies
429 1847 514 1906 esset
538 1839 680 1919 lactum,
705 1848 742 1905 ιι
765 1840 798 1904 in
822 1837 992 1905 (lodicibus
1015 1839 1133 1905 nostris
1158 1847 1308 1926 apparet,
1323 1840 1476 1927 paulatim

293 1944 465 2013 assuefacti
488 1953 565 2011 sunt
588 1947 632 2011 ita
656 1945 763 2011 dicere
783 1952 816 2011 et
845 1944 959 2010 vitiosa
983 1944 1181 2010 consuetudo
1204 1946 1300 2011 vertit
1323 1948 1356 2013 in
1385 1955 1477 2013 natu·

292 2069 373 2116 ram.
420 2050 562 2117 Perutile
585 2060 634 2118 est
664 2053 696 2117 in
725 2050 783 2116 tali
814 2069 849 2115 re
878 2069 989 2117 eorum
1014 2051 1190 2116 sententias
1209 2050 1343 2129 audire,
1364 2054 1419 2139 qui
1445 2054 1479 2119 in

291 2155 343 2223 his
372 2155 491 2223 litteris
521 2156 675 2223 lamiliam
707 2155 842 2222 ducunt.
889 2154 1037 2221 Graeculi
1069 2156 1293 2243 imposuerunt
1319 2157 1477 2224 Housma-

289 2282 395 2341 uosro,
428 2284 523 2350 quern
548 2262 621 2329 vide
651 2263 683 2327 iu
711 2260 843 2328 Miscell.
871 2261 1041 2328 observati.
1069 2262 1157 2326 Tem.
1189 2262 1242 2327 lv.
1274 2282 1307 2348 p.
1338 2266 1416 2331 286.
1442 2264 1476 2329 in

289 2367 377 2434 alara
409 2366 482 2434 luce
512 2367 732 2434 dubitantem:
777 2368 1000 2453 imposuerunt
1030 2367 1221 2450 llerxooorro
1256 2368 1295 2433 ad
1329 2370 1475 2437 Pexrours

288 2471 485 2539 Phaedonem
509 2494 579 2560 pag.
597 2478 639 2539 48
658 2480 691 2539 et
704 2472 908 2559 Protoqorom
927 2493 958 2558 p.
979 2477 1065 2551 487,
1088 2479 1121 2538 at
1144 2471 1239 2537 iidem
1253 2474 1388 2542 Hernico
1400 2474 1472 2542 sre-

288 2599 383 2645 raxno
407 2579 570 2665 imponere
593 2599 655 2644 uon
689 2586 881 2666 potuerunt,
910 2578 965 2664 qui
999 2579 1117 2664 passim
1142 2577 1175 2643 in
1201 2579 1323 2663 optimo
1344 2598 1472 2668 quoque

288 2684 445 2771 scriptore
461 2685 575 2751 Graeco
598 2693 654 2750 aut
677 2683 779 2750 futuri
804 2682 939 2749 lormam
964 2683 1108 2749 restituit
1126 2690 1182 2748 aot
1201 2682 1351 2750 latentem
1378 2706 1473 2753 vocu-

287 2788 351 2856 lam
370 2787 410 2854 rlr
430 2790 464 2855 in
489 2788 593 2856 lucem
616 2791 785 2857 revocavit.
832 2789 868 2855 ln
892 2790 1112 2854 Anrsroruxurs
1135 2786 1233 2853 lionis
1261 2810 1305 2855 us.
1320 2796 1385 2858 548
1408 2814 1472 2881 sq:

739 2898 771 2962 οὐ
795 2895 853 2975 μὲν
875 2892 925 2961 οὖν
948 2919 990 2975 με
1012 2892 1198 2977 σροσεδδκοος

466 3001 532 3076 dreit
552 3000 702 3083 κοθόρνους
725 2996 812 3082 εἶχες
836 2999 1066 3079 acervabat
1087 3001 1117 3063 σ’
1140 2997 1197 3064 ἔτι.

288 3104 362 3192 quis
378 3103 503 3170 dubitet
526 3108 604 3192 quin
629 3105 807 3186 rectissime
826 3105 1002 3191 repositum
1026 3104 1069 3170 sit
1094 3102 1133 3170 eir
1163 3111 1291 3184 γνῶναι,
1317 3107 1402 3192 quod
1423 3111 1471 3177 rel

286 3208 332 3277 ἔτι
357 3208 566 3276 demonstrat.
613 3211 648 3277 ln
681 3213 828 3277 Petronis
851 3209 1024 3297 Prothoro
1045 3230 1073 3296 p.
1099 3213 1165 3275 316
1185 3230 1213 3276 c.
1237 3216 1326 3279 τοῦτο
1359 3214 1390 3280 δὲ
1416 3215 1473 3281 oir-

284 3315 340 3383 σοι’
363 3317 390 3383 ol
417 3315 543 3396 κοίλοισι
566 3317 709 3396 γενέσθαι
733 3318 759 3383 εἰ
789 3316 835 3382 σοι
859 3316 1063 3395 συγγένοιτο,
1087 3315 1232 3393 ratione,
1256 3338 1353 3405 prope
1382 3319 1469 3388 dixe·

282 3422 369 3501 rim,
392 3422 619 3489 mathematica
636 3421 727 3509 quod
749 3441 863 3487 verum
886 3429 935 3488 est
954 3419 1101 3507 indagari
1122 3429 1155 3487 et
1176 3420 1390 3490 demonstrari
1413 3447 1469 3514 po-

283 3534 357 3595 lest.
405 3529 504 3595 Recta
528 3528 629 3594 oratio
654 3535 718 3595 est:
746 3526 840 3595 τοῦτο
857 3550 909 3607 μοι
933 3527 1045 3607 μάλις’
1064 3525 1103 3592 ev
1126 3525 1245 3606 γένοιτο
1267 3530 1293 3595 εἰ
1313 3533 1355 3613 σῷ
1383 3542 1467 3616 Προ-

281 3631 403 3718 aeetae
424 3634 654 3714 carpentem:
677 3653 771 3699 nemo
798 3633 912 3699 Graece
933 3632 1039 3698 sciens
1062 3630 1146 3698 serio
1165 3632 1336 3703 contendet
1358 3636 1391 3701 in
1417 3636 1468 3703 bis

280 3737 319 3804 ἄν
343 3739 449 3803 omitti
481 3759 588 3825 posse:
617 3740 644 3803 si
674 3737 752 3804 haee
777 3738 811 3803 in
837 3735 1026 3803 indirectam
1051 3737 1226 3803 orationem
1253 3741 1468 3810 convertenda

281 3851 357 3909 sunt
389 3850 421 3908 et
448 3863 466 3908 e
490 3842 585 3909 verbo
608 3843 709 3923 οἵομοοι
739 3841 982 3928 suspendenda,
1014 3842 1128 3930 ecquid
1156 3862 1272 3910 causae
1291 3843 1379 3912 dices
1406 3867 1466 3914 cur

278 3944 319 4013 ola
342 3946 535 4012 obiiciatur?
583 3948 645 4029 Qui
666 3947 757 4014 solus
779 3947 814 4012 in
843 3946 1028 4013 huiusmodi
1059 3969 1093 4015 re
1118 3955 1151 4015 et
1184 3952 1465 4035 argumentatione

280 4051 512 4119 dubitationem
542 4053 675 4119 iniicere
694 4060 818 4139 potest,
851 4073 930 4119 usus
956 4052 1124 4139 loquendi,
1153 4075 1216 4119 non
1245 4063 1372 4122 tantum
1401 4078 1464 4125 non

280 4157 470 4225 adversatur
496 4156 609 4224 sedin
634 4156 725 4243 louge
749 4157 898 4244 plurimis
925 4158 1009 4245 quod
1033 4159 1115 4225 ratio
1136 4160 1293 4247 praecipit
1322 4170 1388 4229 tam
1416 4163 1464 4230 lu·

279 4262 425 4330 colenter
448 4261 633 4341 confirmat,
654 4272 690 4330 ut
715 4284 808 4331 nemo
828 4263 990 4350 ambigat:
1012 4263 1071 4330 hoc
1084 4264 1196 4330 volunt
1213 4273 1351 4354 utroque
1371 4268 1465 4336 modo

280 4368 651 4454 dicipossc,Srurrrxx-1
683 4371 875 4436 sententiam
908 4377 939 4436 et
971 4369 1095 4436 ratione
1124 4378 1156 4436 et
1179 4391 1241 4437 usu
1272 4373 1351 4451 niti,
1371 4394 1463 4441 suam

278 4473 392 4543 multis
414 4472 589 4539 multorum
608 4475 705 4553 locis,
728 4496 807 4563 quos
826 4497 937 4543 onmes
953 4493 1029 4542 esse·
1043 4475 1231 4562 depravatos
1254 4477 1391 4545 sibinen
1415 4483 1464 4547 sa?
1525 4464 1527 4471 ¹

279 4581 323 4646 tis
345 4579 507 4668 probabile
530 4580 641 4647 videri.
689 4582 801 4649 Dicam
825 4582 926 4667 igitur
947 4581 1079 4668 paucis,
1109 4602 1182 4648 nam
1202 4583 1392 4670 dignissima
1411 4606 1462 4653 res

281 4694 329 4752 est
352 4707 433 4775 quae
458 4686 640 4754 excutiatur
667 4698 698 4755 et.
727 4688 825 4754 libero
849 4687 908 4754 boc
932 4698 1047 4775 genero
1076 4689 1403 4777 scripturae'utinrur
1427 4698 1462 4758 ut
