3309 5750
797 621 863 683 280

244 839 337 905 utar,
370 825 403 889 in
435 820 592 887 Dtotttsto
619 816 738 882 Illuc.
766 813 855 879 VIII.
888 818 938 881 18.
964 810 1075 894 Φθὲνει
1102 810 1174 892 πρὶν
1197 812 1427 893 ἐπιρραχθῆναι

243 934 306 1004 τὰς
331 929 436 1000 πύλαις
458 922 693 1003 ἐκβιασάμενος
716 924 771 994 εἰς,
786 923 827 986 ιδ’
844 930 953 1001 τεῖχος
975 941 1034 1010 pro
1051 915 1425 1004 eiossroerrdnevorrant

246 1033 304 1101 III.
335 1037 388 1101 51.
419 1027 671 1109 ἐκβεβληκότα
701 1029 744 1099 εἷς
773 1028 829 1101 τὴν
858 1026 1016 1104 Ῥωμαίων
1048 1031 1107 1102 γῆν
1136 1045 1199 1112 pro
1220 1023 1424 1102 ἐἰσβεβλιγ

245 1137 365 1211 ordros?
405 1134 491 1200 idem
523 1133 714 1224 aequissimo
747 1132 873 1209 ammo,
910 1128 1027 1208 credo,
1065 1129 1147 1194 leret
1180 1130 1217 1194 in
1250 1129 1424 1195 Arnum

246 1243 386 1309 Eclecto
412 1265 445 1331 p.
475 1244 527 1307 36.
559 1259 589 1306 c.
618 1237 789 1311 εἶσπιόντες
820 1238 965 1325 (κύλικα)
994 1258 1053 1327 pro
1078 1235 1241 1308 ἐκπιόντες
1273 1235 1421 1302 Pouscnt

245 1350 341 1430 Ὑπὲρ
380 1347 427 1413 bis
458 1348 491 1412 in
522 1347 673 1414 Lucrino
699 1367 757 1435 pro
786 1343 847 1408 ὑπό
877 1344 1005 1434 irrepsit
1032 1364 1105 1409 cum
1125 1342 1317 1408 sententiae
1336 1341 1421 1408 exitio

248 1458 309 1530 17,
343 1458 394 1520 40.
422 1453 497 1533 ὑπὲρ
527 1456 580 1515 τοῦ
607 1451 702 1529 μηδὲν
727 1450 881 1530 χρήσιμον
907 1450 1018 1514 εἰδέναι
1043 1460 1076 1514 et
1100 1452 1163 1527 20,
1188 1451 1247 1513 34.
1276 1448 1356 1528 ὑπὲρ
1375 1452 1420 1512 τοῦ

245 1561 291 1639 μὴ
314 1558 520 1638 πεπειρᾶσθαι
541 1554 641 1620 ἄλλοι
662 1553 786 1635 ἀνδρός,
807 1565 981 1645 utrumque
999 1555 1106 1620 locum
1123 1547 1302 1644 occupavit
1321 1574 1420 1619 ernen-

245 1663 323 1730 dare
353 1664 541 1728 anxnncs.
589 1655 661 1725 Duo
689 1660 963 1751 praepositionum
993 1661 1081 1751 paria
1110 1659 1228 1725 addam
1251 1680 1337 1748 quas
1356 1680 1421 1749 per·

247 1769 365 1835 mutari
384 1769 416 1834 in
435 1768 525 1833 libris
542 1767 664 1834 ridebis
677 1766 767 1843 nard
788 1778 820 1831 et
836 1766 939 1845 μετά,
959 1768 989 1831 ἐν
1006 1778 1038 1832 et
1056 1766 1119 1832 ἐπί.
1157 1763 1248 1848 Quae
1266 1764 1311 1829 sit
1325 1762 1420 1831 forma

246 1874 491 1965 praepositionis
511 1873 617 1947 card,
645 1895 727 1962 quae
748 1872 853 1937 minus
875 1872 1003 1938 oculato
1021 1883 1055 1937 et
1068 1871 1291 1961 incogitanter
1308 1869 1420 1936 deseri-

249 1980 341 2045 benti
378 1981 516 2070 speciem
554 1978 798 2070 praepositionis
834 1978 919 2057 μετά
951 1978 1097 2045 rideatur
1133 1978 1258 2043 referre
1287 1976 1422 2042 Bactrus

241 2084 395 2152 ostendet
416 2087 448 2150 in
473 2083 646 2150 Commeat.
666 2087 846 2175 Palaeogr.
866 2107 899 2175 p.
918 2089 993 2151 825.
1030 2084 1096 2152 Gur
1112 2086 1142 2149 ἐν
1158 2083 1314 2149 rideatur
1327 2083 1420 2174 scrip·

248 2207 318 2257 tum
349 2212 417 2256 esse
447 2190 504 2255 ubi
532 2190 759 2280 e'rrl'scriptum
780 2187 819 2256 sit
841 2189 890 2256 vel
911 2203 1039 2269 contra,
1063 2190 1182 2281 aperiet
1205 2190 1268 2255 tibi
1288 2188 1375 2269 idem
1392 2213 1418 2279 p.

248 2300 325 2363 742.
360 2294 500 2363 Omnino
521 2295 687 2362 utilissima
706 2308 780 2363 sunt
801 2320 883 2387 quae
905 2297 1045 2365 Basrws
1064 2295 1104 2362 de
1125 2294 1301 2361 omnihoc
1314 2317 1420 2385 genero

248 2402 373 2494 scripsit
402 2414 434 2468 et
465 2402 640 2482 verissima,
683 2400 762 2468 adeo
794 2414 830 2466 ut
861 2423 926 2467 non
956 2401 1155 2468 meminerim
1185 2422 1256 2465 me·
1274 2399 1421 2467 Basrtcr

246 2532 401 2601 umquam
432 2510 465 2575 in
493 2507 766 2600 palaeographicis
792 2498 1092 2574 ridere‘errantem.
1139 2506 1204 2571 Diu
1226 2518 1259 2573 et
1285 2508 1443 2574 multum'

246 2618 281 2683 iu
316 2616 365 2682 lris
394 2626 535 2680 versatus
564 2624 649 2678 certa
677 2624 709 2677 et
738 2604 901 2702 explorata
922 2611 985 2675 sibi
1002 2610 1145 2676 delibare
1164 2611 1247 2676 solet
1270 2624 1309 2677 ut
1326 2612 1419 2679 errori

247 2743 314 2788 non
345 2720 440 2785 detur
466 2717 564 2782 locus.
612 2714 702 2781 Nihil
733 2715 766 2820 in
789 2716 847 2781 illo
869 2714 1080 2787 desiderarem
1100 2714 1126 2779 si
1147 2726 1276 2782 tantum
1297 2718 1418 2810 ingenio

242 2847 345 2920 quam
373 2836 441 2891 arte
466 2821 585 2888 valeret
614 2831 645 2886 et
676 2843 741 2886 sese
772 2843 809 2886 cx
839 2818 985 2886 sordibus
1011 2831 1044 2887 ct
1069 2819 1162 2909 nugis
1189 2817 1425 2892 Graeculorum

245 2931 420 3023 aliquando
453 2928 601 3019 expedire
626 2927 793 3016 potuisset.
849 2925 944 2992 Nunc
974 2939 1060 2992 totus
1079 2928 1117 2992 in
1148 2927 1213 2992 illis
1240 2932 1419 3023 quisquiliis

244 3037 518 3129 ineptissimorum
539 3031 706 3099 homrnum
721 3043 730 3079 ¹
751 3033 919 3098 immersus
935 3056 999 3099 non
1018 3033 1124 3124 potuit
1139 3034 1260 3122 erigere
1277 3039 1418 3105 animum

246 3142 287 3209 ad
307 3143 435 3208 illorum
458 3137 730 3217 emendationem,
751 3160 890 3230 quorum
909 3161 1008 3205 causa
1020 3140 1141 3205 eliam
1133 3151 1213 3205 istm
1228 3138 1419 3245 cognoscere

245 3273 311 3316 non
334 3247 562 3336 dedignamur.
583 3244 787 3336 siquando
778 3268 811 3311 ιιι
832 3246 896 3311 illis
916 3246 993 3312 facit
1012 3246 1218 3313 correctionis
1238 3252 1417 3339 periculum

245 3346 466 3448 pedmbecilla
495 3352 576 3419 solet
604 3374 733 3444 parere,
765 3351 799 3417 in
826 3351 894 3417 istis
924 3353 996 3419 solis
1018 3353 1128 3418 sollers
1150 3365 1182 3418 et
1208 3353 1310 3436 felir,
1343 3381 1418 3449 quos

241 3461 311 3526 alto
340 3459 510 3550 supercilio
538 3459 770 3538 fastidiremus,
803 3458 863 3524 nisi
892 3457 931 3523 ad
956 3469 1100 3524 veterum
1121 3460 1372 3550 intelligentiam
1390 3475 1418 3530 ct

245 3564 341 3646 κρίσιν
369 3567 495 3657 egregia
522 3565 658 3631 subinde
683 3564 840 3656 praesidia
860 3564 1110 3656 suppeditarent.
1158 3563 1287 3657 Siquis
1309 3569 1416 3635 critica

245 3669 399 3737 facultate
435 3673 550 3738 eximie
588 3671 750 3764 praeditus
788 3683 819 3736 et
854 3672 888 3736 ln
922 3672 1138 3761 Antiquomm
1175 3675 1249 3738 crisi
1279 3676 1419 3743 multum

244 3777 435 3842 exercitatus
481 3765 594 3844 cnsrn
638 3777 922 3867 praestantissimas
965 3777 1198 3844 observationes
1240 3780 1419 3847 lectissimis

238 3881 399 3975 'cremplis
428 3893 570 3947 veterum
597 3882 786 3946 confirmare
807 3892 840 3946 et
859 3904 971 3947 ornare
994 3882 1148 3961 volet,1s
1168 3883 1318 4008 profecto
1338 3886 1418 3953 hano

246 3986 425 4050 litterarum
439 3997 585 4080 partem,
604 3989 686 4074 quac
703 4005 789 4050 nunc
801 3986 889 4053 iacet
909 3998 941 4051 et
961 3987 1069 4076 friget,
1089 3989 1172 4078 quia·
1183 4012 1201 4053 a
1219 3993 1418 4079 paucissimis

242 4091 470 4204 cognoscitur,
490 4092 524 4155 in
543 4090 629 4155 clara
650 4090 733 4156 luce
741 4103 840 4181 ponet
858 4102 891 4156 et
911 4085 1053 4158 ardentia
1072 4095 1250 4161 multorum
1267 4099 1417 4166 excitabit

248 4432 252 4441 ·
280 4397 305 4467 ¹J‘
317 4401 377 4452 uon
397 4404 475 4452 oredo
496 4416 621 4468 umquam
639 4404 666 4453 in
685 4392 760 4454 :tomis
783 4406 864 4468 magis
884 4407 1044 4470 nugatorium
1057 4411 1086 4455 'et
1098 4405 1174 4457 :futile
1191 4398 1267 4456 fuisse
1284 4409 1418 4461 hominum

237 4496 340 4552 'geum
357 4493 448 4552 quom
466 4489 511 4554 qui
536 4489 765 4554 Constcntiuopoli
779 4497 827 4538 aut
846 4491 875 4558 in
892 4491 1061 4562 monasteriis
1066 4498 1163 4541 veteres
1181 4491 1419 4565 interpretubantur

246 4571 308 4632 Fuit
329 4574 379 4642 qui
397 4572 570 4631 Hunonornrr
589 4579 614 4624 et
638 4573 821 4623 Tuncrnmurr
845 4554 931 4636 legens
948 4554 1014 4622 lianc
1030 4575 1203 4637 quaestionem
1220 4576 1286 4625 serio
1298 4584 1420 4678 poneret:

175 4714 180 4722 ,
248 4655 342 4711 dado
314 4676 342 4706 τι
336 4652 433 4706 ’Θουκ
436 4649 482 4715 vd'
485 4652 564 4723 δης
550 4675 638 4732 agorn
634 4675 665 4707 το
682 4649 797 4733 deonna
781 4656 835 4706 πο
848 4653 976 4722 τουθη
988 4655 1046 4722 (dur
1048 4655 1083 4724 ω)
1092 4657 1281 4726 συνιγραψατο
1297 4656 1368 4728 ςορ
1371 4680 1419 4722 ας

235 4732 271 4788 ’ὃ
282 4739 325 4792 δὲ
330 4720 517 4811 ’ἂἸριΪιῖοιίἷςν
504 4757 572 4811 4εχων
588 4724 641 4794 dard
659 4741 722 4794 'rod‘
727 4743 745 4809 η’
749 4735 791 4792 θ
798 4725 923 4810 (ἶηὲἀ),·
931 4742 1003 4806 lquce
1020 4740 1133 4793 Bmtus
1148 4742 1304 4808 undavitp.
1324 4730 1392 4794 scu?
