3309 5750
1278 717 1343 776 XIX

170 891 353 980 scribendo
385 906 525 975 secutus
552 919 631 973 sum
656 902 817 972 naturam
841 914 973 983 meam,
998 904 1039 969 ut
1060 896 1156 994 quod
1179 899 1342 974 sentirem

131 1090 135 1095 -
168 1038 289 1133 aperte
311 1037 348 1108 et
367 1029 473 1106 libere
494 1028 655 1103 dicerem
706 1025 789 1099 Non
811 1024 930 1100 minus
953 1023 1120 1100 abhorreo
1140 1050 1161 1099 a
1181 1024 1283 1101 foeda
1305 1032 1342 1101 et

163 1161 299 1238 abiecta
326 1157 525 1234 adulatione
556 1180 662 1253 quam
696 1178 719 1228 a
751 1151 925 1251 petulanti
955 1157 992 1226 et
1012 1159 1170 1249 proterva
1192 1152 1338 1227 maledi·

139 1288 291 1367 'mutia
342 1286 424 1360 Non
458 1284 575 1359 nescio
608 1281 695 1381 quid
727 1280 808 1355 viris
845 1280 982 1379 magnis
1018 1279 1158 1353 honoris
1183 1287 1220 1353 et
1246 1304 1341 1356 reve·

166 1415 298 1494 tentiae
333 1413 522 1498 debeatur,
546 1411 650 1485 etiam
677 1410 798 1508 siqua
821 1409 860 1482 in
880 1432 918 1484 re
939 1407 1126 1506 impegisse
1151 1407 1341 1483 videantur.
1436 1495 1440 1503 ¹

169 1544 314 1622 Nrdlius
334 1540 431 1619 laudi
448 1547 485 1613 et
506 1539 619 1614 lamae
640 1537 779 1614 invidus
800 1536 976 1623 obtrecto,
996 1537 1120 1635 εὐρεῖα
1139 1537 1214 1635 γάρ
1233 1539 1342 1612 Μου-

172 1679 254 1750 σῶν
280 1671 478 1759 erasme,
508 1673 545 1760 et
568 1672 725 1764 superest
749 1664 785 1740 in
808 1689 881 1763 quo
900 1671 1018 1755 nostra
1042 1663 1200 1737 omnium
1222 1662 1342 1736 indus·

173 1800 240 1884 trin
260 1804 296 1892 ct
314 1797 494 1898 ingenium
518 1800 719 1893 appareant.
757 1794 823 1868 Est
848 1816 941 1866 unus
964 1798 1001 1865 et
1023 1792 1111 1868 ulter
1131 1815 1238 1889 quem
1262 1815 1342 1866 con·
1436 1791 1442 1805 ’

168 1911 321 2022 tammum
335 1984 345 2014 ,
361 1925 508 2002 ¹:latetur
542 1923 587 2006 ,εἰ
610 1926 711 2000 τοῦτ’
749 1918 805 2011 ἔξ
828 1917 1005 2015 ἀδίκημ’,
1028 1917 1173 2010 ἀδικῶ,
1198 1920 1260 1994 sed
1280 1920 1344 1995 lros

164 2056 497 2159 ipses-,inuusquam
516 2050 682 2132 lacessam
717 2054 780 2124 aut
807 2046 990 2123 vellicabos
1015 2054 1057 2120 ut
1083 2047 1272 2145 plurimum
1298 2073 1343 2124 ne

164 2178 343 2262 nominavi
355 2178 504 2275 *quidem
516 2173 810 2274 „idemposthac
830 2173 937 2250 etium
956 2174 1159 2272 diligentins
1177 2175 1342 2258 lecturus

166 2307 341 2386 Pervelim
375 2330 494 2380 omnes
529 2282 655 2384 meam,
677 2302 816 2378 dicendi
850 2301 1048 2377 libertatem
1077 2302 1200 2378 eodem
1227 2305 1345 2380 animo

170 2434 304 2519 lerant,
329 2443 400 2527 quo
419 2430 496 2526 ipse
516 2430 661 2506 alienum
683 2454 819 2528 semper
844 2428 910 2504 tuli
932 2430 1110 2507 aeleram
1141 2431 1259 2506 Etiam
1282 2432 1344 2530 qui

168 2560 258 2638 mihi
287 2556 453 2633 iucunde
485 2562 522 2630 et
549 2555 664 2630 odiose
692 2564 898 2656 responsant
927 2581 998 2632 non
1027 2557 1114 2632 num
1146 2559 1233 2632 mihi
1266 2585 1343 2634 um·

168 2684 541 2788 quemamodum
572 2695 775 2774 moverunt,
800 2686 863 2761 sed
896 2685 1007 2760 risum
1032 2684 1102 2759 lere
1128 2695 1189 2760 eut
1216 2687 1342 2764 iocum.

168 2816 262 2895 Fieri
279 2840 350 2893 nou
367 2818 483 2914 potest
504 2812 590 2913 quin
613 2836 748 2912 semper
768 2814 805 2888 in
823 2813 1007 2909 ,nonnullis
1027 2812 1291 2905 dissentiamus,
1308 2824 1346 2890 et
1413 2912 1419 2927 .

169 2946 237 3022 alia
260 2944 336 3020 aliis
360 2944 518 3043 placeant
542 2968 582 3017 ac
605 2942 815 3041 probentur:

625 3069 894 3171 λοιδορεῖσθαι
918 3071 953 3148 δ’
977 3075 1024 3148 ori
1047 3078 1174 3172 πρέπει

339 3197 488 3300 ἄνδρας
513 3199 742 3300 φιλολόγους
763 3204 886 3299 ὥσπερ
910 3199 1196 3300 ἀρτοπώλιδας,

170 3335 206 3402 et
233 3351 335 3416 eum,
359 3328 484 3415 credo,
508 3327 652 3419 minime
665 3327 871 3425 poenitebit
894 3327 956 3424 qui
983 3327 1114 3402 bellum
1138 3330 1283 3428 gesserit
1304 3339 1346 3405 ut

172 3434 358 3553 aliquando
398 3480 519 3554 pacem
563 3454 818 3550 compositurus
858 3461 894 3526 et
926 3460 967 3526 ut
1007 3463 1187 3530 amaturus
1220 3459 1343 3534 oderit.

170 3582 345 3682 Equidem
369 3585 605 3664 aansrrro
631 3589 666 3655 et
690 3581 873 3652 Bssusso
896 3580 947 3654 itu
969 3606 1070 3679 saepe
1093 3582 1277 3673 dissentio,
1304 3596 1346 3660 ut

170 3737 305 3810 semper
323 3709 539 3785 meminerim
562 3732 668 3808 quam
691 3707 781 3781 bene
803 3714 948 3806 uterque
972 3708 1016 3782 de
1038 3710 1179 3784 Graecis
1202 3712 1347 3789 Litteris

172 3841 218 3914 sit
253 3839 420 3926 meritus,
455 3845 491 3912 et
522 3863 584 3912 cur
620 3837 839 3912 dissentirem
861 3838 904 3912 iis
926 3839 1141 3937 argumentis
1162 3843 1347 3943 verbisque

173 3965 365 4066 significavi
388 3965 548 4064 voluique
574 3991 710 4065 semper
740 3965 954 4064 significare,
986 3975 1026 4040 ut
1053 3967 1140 4041 nihil
1160 3969 1204 4042 de
1224 3996 1345 4048 corum

174 4094 278 4169 laude
313 4094 507 4169 detractum
544 4095 720 4168 voluerim.
772 4094 905 4168 Eodem
935 4094 1050 4168 animo
1081 4097 1111 4169 si
1144 4097 1230 4195 quid
1258 4101 1345 4174 mihi

173 4222 292 4297 minus
309 4222 528 4323 probandum
544 4222 656 4297 visum
674 4229 727 4296 est
746 4230 781 4295 et
799 4222 983 4311 videbitur,
998 4224 1144 4298 candide
1158 4236 1348 4325 aperteque

172 4350 377 4449 reprehendi
394 4359 430 4424 et
449 4352 707 4450 reprehendam.
734 4351 872 4425 Nollem
891 4353 1105 4427 Murusnrns
1125 4363 1198 4428 tam
1214 4356 1344 4429 tumul⁴

172 4479 286 4553 tuuria
317 4504 420 4576 opera
450 4481 630 4578 scriptores
668 4483 818 4554 Graecos
856 4479 972 4553 ederet
1006 4488 1041 4555 et
1074 4482 1202 4555 multas
1229 4482 1348 4580 potius

172 4606 363 4680 mediocres
397 4615 432 4682 et
459 4608 583 4682 dubias
607 4608 832 4683 correctiones
855 4607 1066 4696 effunderet,
1091 4634 1196 4707 quem
1217 4635 1347 4708 paucas

173 4733 282 4809 bonas
306 4741 342 4808 et
364 4735 547 4832 palmarias
571 4736 746 4810 delibaret.
798 4735 943 4810 Mallem
963 4738 1165 4810 Burrenum
1191 4744 1345 4810 veterum

172 4861 342 4940 librorum
385 4863 492 4939 bonas
528 4865 713 4963 scripturus
749 4864 931 4962 diligenter
969 4864 1127 4962 colligere
1160 4873 1196 4937 et
1226 4863 1348 4936 ordine
