3309 5750
863 625 925 690 102

296 798 463 874 ὧσὲκνον,
485 798 531 865 ὅτι
547 799 664 885 χσρίσῆ
686 821 759 878 μοι,
782 798 924 865 nondum
947 800 1087 887 poenitet
1110 801 1142 866 in
1165 806 1322 866 annotatt.
1340 795 1380 865 ad
1394 796 1482 867 Orat.

295 905 335 971 de
356 914 424 970 orte
441 905 569 992 interpr.
593 924 664 992 pag.
681 906 743 970 115
768 903 955 970 emendasse
973 902 1019 971 dar
1041 903 1184 987 χάρισαι.
1210 907 1370 971 brunones
1394 904 1478 971 idem

290 1010 415 1096 reperit
435 1008 490 1075 sed
513 1029 624 1075 rerum
648 1029 717 1075 esse
740 1016 772 1075 et
796 1011 1012 1076 necessarium
1037 1031 1097 1077 non
1128 1011 1306 1088 intebexit,
1327 1030 1402 1076 uam
1426 1009 1483 1076 du·

296 1114 461 1180 bitationis
477 1122 585 1181 notam
606 1115 752 1202 appinxit
777 1116 871 1200 quasi
889 1116 922 1179 in
946 1117 1095 1203 opinione
1118 1117 1253 1181 ineerta.

291 1269 294 1280 .
340 1219 436 1286 Aliud
468 1220 647 1286 scribarum
672 1220 866 1287 temeritatis
889 1219 1045 1286 indicium
1070 1222 1103 1287 in
1127 1241 1245 1307 genere
1273 1220 1383 1287 eodem
1417 1241 1484 1288 sae-

296 1326 370 1413 pius
396 1324 481 1411 apud
511 1325 613 1405 alios,
644 1324 779 1390 subinde
802 1324 888 1412 apud
918 1326 1072 1392 bueruuuu
1095 1325 1312 1413 deprehendi,
1336 1326 1391 1392 ubi
1412 1346 1483 1413 par·

298 1430 397 1498 tieuta
419 1429 469 1498 ἵνσ
492 1431 540 1497 sie
562 1432 664 1518 posita
686 1438 734 1496 est
760 1439 795 1496 ut
815 1429 1025 1497 indicativum
1050 1430 1162 1498 debeat
1186 1431 1312 1497 babere.
1359 1432 1407 1497 Ea
1434 1451 1485 1497 res

296 1537 368 1603 istis
397 1537 537 1624 permira
564 1542 596 1601 et
620 1534 817 1601 incredibilis
839 1535 976 1611 aeeidit,
1002 1536 1111 1622 itaque
1134 1545 1245 1623 parata
1272 1543 1319 1601 est
1345 1537 1483 1624 interpo-

293 1637 375 1710 -lotio
405 1652 437 1708 et
461 1641 657 1706 indicativus
680 1641 713 1705 iu
743 1642 920 1727 optativum
945 1643 993 1708 vel
1024 1642 1265 1707 coniunctivum
1289 1640 1485 1728 depravatur

287 1746 346 1818 ret
365 1745 557 1833 particulam
577 1744 616 1811 ἄν
637 1746 804 1824 inserunt,
828 1749 882 1812 eui
914 1747 993 1812 nihil
1014 1755 1062 1813 est
1085 1747 1118 1811 in
1142 1768 1178 1814 ea
1201 1768 1236 1813 re
1252 1746 1331 1812 toci.
1381 1746 1482 1813 Habet

296 1849 347 1920 ἵνα
370 1852 581 1919 indicativum
606 1870 706 1936 quum
728 1851 844 1938 pendet
863 1851 903 1919 ab
923 1871 960 1918 ea
975 1872 1031 1929 ro,
1051 1871 1147 1937 quam
1169 1853 1242 1938 quis
1262 1849 1380 1918 saetam
1393 1872 1483 1940 opor·

297 1959 399 2026 tuisse
422 1956 501 2022 dieit
532 1951 669 2043 quamve
704 1956 797 2022 veltet
831 1957 971 2034 saetam,
1003 1965 1059 2023 aut
1082 1977 1179 2043 quam
1211 1956 1290 2023 dicit
1319 1955 1483 2024 facturum

287 2064 397 2131 -duisse
424 2062 562 2148 aliquem
589 2068 621 2128 at
656 2081 719 2126 uon
748 2059 883 2138 iecisse,
917 2062 1046 2127 omnino
1077 2062 1117 2127 ab
1146 2082 1183 2128 ea
1218 2084 1253 2129 re
1284 2082 1367 2148 quae
1397 2061 1483 2128 laeta

298 2190 361 2236 uon
384 2187 454 2234 esse
478 2165 626 2244 dicatur,
650 2174 684 2233 at
705 2167 733 2231 si
755 2165 840 2233 faeta
862 2166 975 2233 fuisset
998 2165 1031 2232 id
1063 2166 1162 2233 [uisse
1181 2177 1373 2235 eventurum
1397 2168 1482 2254 quod

296 2276 330 2341 in
353 2271 403 2339 ira
440 2292 514 2338 cum
539 2272 713 2338 indicativo
736 2273 955 2358 significatur.
997 2273 1190 2358 Perpetuam
1224 2273 1350 2339 honest
1376 2273 1410 2338 in
1433 2270 1483 2339 tva

296 2379 419 2471 (rarius
440 2379 472 2443 in
495 2374 575 2453 dnae
606 2386 638 2444 et
660 2381 699 2453 ὥς
723 2386 754 2444 et
780 2378 846 2445 fere
872 2378 957 2464 apud
977 2376 1098 2467 poetas)
1124 2378 1178 2444 ubi
1210 2378 1326 2465 pendet
1349 2379 1482 2445 coniun-

295 2487 362 2553 ctio
384 2484 425 2550 ab
444 2486 560 2566 ἐχρῆν,
586 2482 645 2549 tta
657 2533 666 2562 ‚
694 2485 834 2567 ὤφελον,
856 2485 910 2550 ε11’
932 2484 1073 2565 ὤφελον,
1097 2484 1174 2559 εἴθε,
1200 2486 1226 2550 εἰ
1249 2482 1331 2566 γάρ,
1355 2482 1480 2564 ἕβσνλότ

294 2615 357 2672 ppo
378 2588 418 2656 ῆν
441 2598 474 2656 ot
496 2590 525 2655 si
546 2588 624 2675 quid
642 2597 692 2655 est
710 2609 883 2675 exgenere
904 2587 1037 2663 eodem,
1064 2589 1096 2652 in
1118 2589 1235 2674 quibus
1258 2589 1408 2654 omnibus
1432 2588 1480 2654 in·

295 2695 456 2762 dieativus
481 2695 681 2761 necessarius
711 2704 776 2774 est,
798 2694 960 2785 optativus
984 2701 1040 2759 aut
1063 2692 1102 2759 ῆν
1128 2692 1272 2760 additum
1304 2694 1480 2760 orationem

288 2810 328 2868 et
351 2800 507 2866 soloeeam
527 2798 603 2864 tacit
630 2807 663 2865 et
686 2821 782 2865 sensu
799 2820 946 2867 vacuam.
994 2799 1147 2887 Exempla
1167 2799 1285 2885 ubique
1312 2800 1391 2865 satis
1415 2819 1481 2866 ma·

294 2928 358 2994 gno
376 2924 510 2971 numero
530 2904 623 2970 obvia
645 2914 721 2970 sunt
745 2906 829 2992 apud
848 2906 1000 2990 Tragicos
1019 2912 1051 2970 et
1075 2905 1238 2982 Comicus,
1263 2904 1347 2991 apud
1368 2906 1480 2972 Puero·

292 3033 367 3087 neu,
392 3010 613 3076 beuosrurunu
636 3018 668 3075 et
689 3008 839 3076 Oratores
862 3030 993 3088 omnes,
1013 3008 1097 3095 apud
1118 3010 1340 3076 quoruournu
1358 3010 1479 3089 multa,

296 3135 379 3203 quae
407 3113 501 3179 multi
533 3134 625 3201 saepe
655 3114 872 3200 collegerunt:
908 3117 987 3182 satis
1009 3115 1072 3181 erit
1096 3114 1350 3181 bbueneunuarun
1373 3116 1479 3203 inspe-

295 3223 382 3289 xisse
403 3221 435 3285 in
460 3219 562 3286 Diotr.
586 3240 616 3307 p.
645 3225 717 3286 149.
731 3229 762 3286 et
776 3221 888 3287 Euusn.
903 3221 942 3287 ad
959 3220 1031 3286 det.
1057 3220 1088 3286 Τ.
1106 3225 1201 3286 1589.
1226 3219 1325 3287 Puero
1345 3222 1377 3287 in
1391 3221 1479 3288 Prot.

296 3327 409 3394 scribit
429 3348 459 3413 p.
481 3331 546 3392 555
565 3347 592 3391 c.
617 3326 651 3391 σέ
674 3326 767 3408 ἐχρῆν
793 3336 989 3410 συγχωρεῖν,
1019 3323 1068 3392 ἵνα
1093 3326 1236 3392 συνουσία
1258 3326 1421 3406 ἐγίγνετο,
1445 3326 1479 3393 in

296 3435 405 3522 Symp.
428 3454 457 3520 p.
475 3437 548 3498 181.
562 3452 589 3497 e.
604 3442 683 3513 χρῆν
701 3434 732 3499 δὲ
745 3434 797 3498 aa}
818 3433 908 3513 νόμον
925 3429 1021 3507 εἶναι,
1047 3430 1096 3497 tta
1108 3434 1153 3511 μῆ
1171 3433 1213 3505 εἰς
1238 3430 1351 3507 ἄδηλον
1374 3433 1478 3508 πολλῆ

296 3537 640 3615 nordmanndorum,
673 3538 845 3624 inquibus
873 3538 951 3604 haee
977 3536 1042 3604 sere
1076 3538 1157 3602 inest
1183 3543 1360 3603 sententia:
1392 3540 1418 3604 εἰ
1439 3540 1477 3605 σὺ

285 3646 479 3726 συνεχώρεις
498 3644 642 3709 συνουσίαι
663 3642 701 3708 ῆν
715 3644 877 3722 ἐγίγνετο,
900 3652 932 3708 et
951 3645 976 3708 εἰ
997 3643 1086 3723 νόμος
1107 3642 1140 3721 ῆν
1164 3645 1217 3708 οὐκ
1241 3641 1279 3707 ἂν
1300 3649 1343 3716 εἰς
1364 3641 1478 3720 dinoot

291 3752 395 3826 πολλῆ
416 3749 531 3823 seroib
554 3748 737 3821 ἀνηλίσκετο
750 3795 759 3824 ,
772 3755 805 3811 et
826 3746 910 3832 quod
930 3755 1057 3834 tempus
1077 3752 1109 3813 in
1129 3747 1190 3815 hae
1212 3746 1314 3813 torma
1342 3750 1480 3835 requiri·

293 3850 623 3940 tur,imperieetum,
648 3851 787 3918 doristus
799 3860 856 3917 aut
877 3850 1241 3941 plusquamperfectum,
1265 3853 1350 3919 idem
1369 3855 1403 3919 in
1424 3855 1479 3921 iba

294 3959 396 4026 torma
420 3976 494 4023 eum
518 3953 567 4022 tto
593 3955 665 4045 (ὡς,
688 3952 782 4044 ὅπως)
811 3957 1030 4043 coniungitur.
1077 3957 1137 4024 Ubi
1156 3958 1220 4024 diei
1239 3970 1385 4045 poterat:
1410 3963 1435 4028 εἰ
1459 3965 1476 4041 »t

285 4064 395 4147 ,βσνλῆ
418 4061 587 4143 ε’ζῆσῆσεν,
609 4061 840 4142 danttdypsd'
861 4063 898 4130 dra
921 4069 975 4129 σοῦ
998 4064 1190 4144 δημαγωγοῦ
1211 4065 1340 4141 τούτου,
1367 4067 1477 4133 Drusu-

292 4189 368 4237 enus
411 4176 518 4233 eorttro
545 4164 705 4232 Detnottlt.
738 4165 762 4255 S
791 4171 845 4235 bo.
882 4168 997 4234 maluit
1029 4168 1136 4234 dicere
1169 4171 1262 4251 ἐχρῆν
1286 4170 1410 4252 ζητεῖν,
1440 4170 1476 4238 ἵν’

292 4271 545 4351 ἀπηλλάγμεθα.
580 4270 933 4360 Plusquamporfeotum
956 4275 1113 4340 Ausonum
1123 4275 1321 4343 reddendum
1345 4278 1379 4344 in
1399 4277 1475 4344 Pro·

291 4379 410 4446 metbeo
426 4398 473 4446 vs.
491 4381 552 4444 152
574 4398 620 4464 sq.
634 4400 642 4443 :

564 4484 589 4548 εἰ
613 4481 675 4566 γάρ
699 4488 734 4563 μ’
757 4485 815 4550 ὑπὸ
839 4494 898 4563 γῆν
922 4525 966 4538 -
989 4484 1058 4564 ἧκεν
1079 4525 1126 4535 -

489 4632 491 4637 ·
563 4591 602 4663 tr
624 4591 706 4668 μῆσε
730 4589 793 4664 θεὸς
816 4591 898 4670 μῆτε
921 4615 968 4664 τις
991 4589 1113 4670 ἄλλος,

648 4694 742 4759 τοῖσδ’
766 4697 971 4774 ἐσεχῆθεν.
