<?xml version="1.0" encoding="UTF-8"?>
<!DOCTYPE html PUBLIC "-//W3C//DTD XHTML 1.0 Transitional//EN"
    "http://www.w3.org/TR/xhtml1/DTD/xhtml1-transitional.dtd">
<html xmlns="http://www.w3.org/1999/xhtml" xml:lang="en" lang="en">
 <head>
  <title>
</title>
<meta http-equiv="Content-Type" content="text/html;charset=utf-8" />
  <meta name='ocr-system' content='tesseract 3.04.00' />
  <meta name='ocr-capabilities' content='ocr_page ocr_carea ocr_par ocr_line ocrx_word'/>
</head>
<body>
  <div class='ocr_page' id='page_1' title='image "./variaelectiones01cobegoog_0084.png"; bbox 0 0 3309 5750; ppageno 0'>
   <div class='ocr_carea' id='block_1_1' title="bbox 898 629 938 692">
    <p class='ocr_par' dir='ltr' id='par_1_1' title="bbox 898 629 938 692">
     <span class='ocr_line' id='line_1_1' title="bbox 898 629 938 692; baseline 0 0"><span class='ocrx_word' id='word_1_1' title='bbox 898 629 938 692; x_wconf 74' lang='lat'><strong>24</strong></span> 
     </span>
    </p>
   </div>
   <div class='ocr_carea' id='block_1_2' title="bbox 307 802 1514 4795">
    <p class='ocr_par' dir='ltr' id='par_1_2' title="bbox 315 802 1514 2681">
     <span class='ocr_line' id='line_1_2' title="bbox 317 802 1513 899; baseline -0.001 -20"><span class='ocrx_word' id='word_1_2' title='bbox 317 813 410 899; x_wconf 79' lang='lat' dir='ltr'><strong>tique</strong></span> <span class='ocrx_word' id='word_1_3' title='bbox 439 813 496 875; x_wconf 85' lang='lat' dir='ltr'><strong>aut</strong></span> <span class='ocrx_word' id='word_1_4' title='bbox 523 804 734 874; x_wconf 87' lang='lat' dir='ltr'><strong>temerarium</strong></span> <span class='ocrx_word' id='word_1_5' title='bbox 758 825 829 874; x_wconf 90' lang='lat' dir='ltr'><strong>esse</strong></span> <span class='ocrx_word' id='word_1_6' title='bbox 852 802 1098 871; x_wconf 88' lang='lat' dir='ltr'><strong>arbitrabuntur</strong></span> <span class='ocrx_word' id='word_1_7' title='bbox 1127 804 1197 871; x_wconf 85' lang='lat' dir='ltr'><strong>illos</strong></span> <span class='ocrx_word' id='word_1_8' title='bbox 1226 803 1305 873; x_wconf 86' lang='lat' dir='ltr'><strong>velle</strong></span> <span class='ocrx_word' id='word_1_9' title='bbox 1330 808 1513 893; x_wconf 71' lang='lat' dir='ltr'><strong>cogerem</strong></span> 
     </span>
     <span class='ocr_line' id='line_1_3' title="bbox 318 912 1514 1000; baseline -0.001 -15"><span class='ocrx_word' id='word_1_10' title='bbox 318 917 485 992; x_wconf 80' lang='lat' dir='ltr'>ordinem,</span> <span class='ocrx_word' id='word_1_11' title='bbox 517 915 573 1000; x_wconf 93' lang='lat' dir='ltr'><strong>qui</strong></span> <span class='ocrx_word' id='word_1_12' title='bbox 595 912 627 977; x_wconf 94' lang='lat' dir='ltr'><strong>in</strong></span> <span class='ocrx_word' id='word_1_13' title='bbox 652 930 688 978; x_wconf 93' lang='lat' dir='ltr'><strong>ea</strong></span> <span class='ocrx_word' id='word_1_14' title='bbox 711 931 747 977; x_wconf 92' lang='lat' dir='ltr'><strong>re</strong></span> <span class='ocrx_word' id='word_1_15' title='bbox 773 929 909 998; x_wconf 88' lang='lat' dir='ltr'><strong>regnare</strong></span> <span class='ocrx_word' id='word_1_16' title='bbox 934 917 1109 996; x_wconf 88' lang='lat' dir='ltr'><strong>putantur,</strong></span> <span class='ocrx_word' id='word_1_17' title='bbox 1133 918 1191 977; x_wconf 88' lang='lat' dir='ltr'><strong>aut</strong></span> <span class='ocrx_word' id='word_1_18' title='bbox 1211 931 1328 998; x_wconf 90' lang='lat' dir='ltr'><strong>anceps</strong></span> <span class='ocrx_word' id='word_1_19' title='bbox 1351 921 1384 979; x_wconf 90' lang='lat' dir='ltr'><strong>et</strong></span> <span class='ocrx_word' id='word_1_20' title='bbox 1408 916 1514 984; x_wconf 85' lang='lat' dir='ltr'><strong>ambi·</strong></span> 
     </span>
     <span class='ocr_line' id='line_1_4' title="bbox 318 1016 1513 1110; baseline 0.001 -21"><span class='ocrx_word' id='word_1_21' title='bbox 318 1042 419 1110; x_wconf 87' lang='lat' dir='ltr'><strong>guum</strong></span> <span class='ocrx_word' id='word_1_22' title='bbox 443 1018 608 1106; x_wconf 84' lang='lat' dir='ltr'><strong>negotium</strong></span> <span class='ocrx_word' id='word_1_23' title='bbox 633 1018 665 1082; x_wconf 93' lang='lat' dir='ltr'><strong>iu</strong></span> <span class='ocrx_word' id='word_1_24' title='bbox 687 1016 737 1083; x_wconf 86' lang='lat' dir='ltr'><strong>bis</strong></span> <span class='ocrx_word' id='word_1_25' title='bbox 756 1016 904 1103; x_wconf 89' lang='lat' dir='ltr'><strong>reliquiis</strong></span> <span class='ocrx_word' id='word_1_26' title='bbox 918 1025 1200 1083; x_wconf 75' lang='lat' dir='ltr'><strong>monumentorum</strong></span> <span class='ocrx_word' id='word_1_27' title='bbox 1221 1027 1367 1084; x_wconf 84' lang='lat' dir='ltr'><strong>veterum</strong></span> <span class='ocrx_word' id='word_1_28' title='bbox 1387 1019 1513 1107; x_wconf 88' lang='lat' dir='ltr'><strong>liquido</strong></span> 
     </span>
     <span class='ocr_line' id='line_1_5' title="bbox 318 1120 1511 1212; baseline 0.001 -19"><span class='ocrx_word' id='word_1_29' title='bbox 318 1127 452 1195; x_wconf 89' lang='lat' dir='ltr'><strong>delinire</strong></span> <span class='ocrx_word' id='word_1_30' title='bbox 475 1123 553 1212; x_wconf 92' lang='lat' dir='ltr'><strong>quid</strong></span> <span class='ocrx_word' id='word_1_31' title='bbox 574 1121 657 1189; x_wconf 86' lang='lat' dir='ltr'><strong>ierat</strong></span> <span class='ocrx_word' id='word_1_32' title='bbox 678 1143 757 1189; x_wconf 93' lang='lat' dir='ltr'><strong>usus</strong></span> <span class='ocrx_word' id='word_1_33' title='bbox 788 1130 819 1189; x_wconf 89' lang='lat' dir='ltr'><strong>et</strong></span> <span class='ocrx_word' id='word_1_34' title='bbox 852 1120 998 1205; x_wconf 88' lang='lat' dir='ltr'><strong>analogia</strong></span> <span class='ocrx_word' id='word_1_35' title='bbox 1025 1120 1154 1208; x_wconf 88' lang='lat' dir='ltr'><strong>linguae</strong></span> <span class='ocrx_word' id='word_1_36' title='bbox 1189 1122 1403 1208; x_wconf 72' lang='lat' dir='ltr'><strong>antiquioris,</strong></span> <span class='ocrx_word' id='word_1_37' title='bbox 1430 1125 1511 1211; x_wconf 93' lang='lat' dir='ltr'><strong>quid</strong></span> 
     </span>
     <span class='ocr_line' id='line_1_6' title="bbox 317 1225 1511 1316; baseline -0.001 -16"><span class='ocrx_word' id='word_1_38' title='bbox 317 1232 475 1302; x_wconf 88' lang='lat' dir='ltr'><strong>noulerat</strong></span> <span class='ocrx_word' id='word_1_39' title='bbox 494 1236 701 1316; x_wconf 90' lang='lat' dir='ltr'><strong>respuatque.</strong></span> <span class='ocrx_word' id='word_1_40' title='bbox 737 1228 822 1293; x_wconf 88' lang='lat' dir='ltr'><strong>Sunt</strong></span> <span class='ocrx_word' id='word_1_41' title='bbox 843 1225 922 1291; x_wconf 88' lang='lat' dir='ltr'><strong>adeo</strong></span> <span class='ocrx_word' id='word_1_42' title='bbox 939 1226 995 1311; x_wconf 90' lang='lat' dir='ltr'><strong>qni</strong></span> <span class='ocrx_word' id='word_1_43' title='bbox 1019 1228 1150 1311; x_wconf 84' lang='lat' dir='ltr'><strong>angusti</strong></span> <span class='ocrx_word' id='word_1_44' title='bbox 1173 1228 1272 1293; x_wconf 89' lang='lat' dir='ltr'><strong>animi</strong></span> <span class='ocrx_word' id='word_1_45' title='bbox 1296 1248 1367 1296; x_wconf 91' lang='lat' dir='ltr'><strong>esse</strong></span> <span class='ocrx_word' id='word_1_46' title='bbox 1390 1238 1511 1316; x_wconf 86' lang='lat' dir='ltr'><strong>putaut</strong></span> 
     </span>
     <span class='ocr_line' id='line_1_7' title="bbox 317 1331 1511 1421; baseline -0.002 -15"><span class='ocrx_word' id='word_1_47' title='bbox 317 1339 435 1406; x_wconf 89' lang='lat' dir='ltr'><strong>mentis</strong></span> <span class='ocrx_word' id='word_1_48' title='bbox 458 1342 491 1405; x_wconf 87' lang='lat' dir='ltr'><strong>et</strong></span> <span class='ocrx_word' id='word_1_49' title='bbox 514 1335 746 1421; x_wconf 73' lang='lat' dir='ltr'><strong>cogitationum</strong></span> <span class='ocrx_word' id='word_1_50' title='bbox 777 1333 994 1398; x_wconf 86' lang='lat' dir='ltr'><strong>humanarum</strong></span> <span class='ocrx_word' id='word_1_51' title='bbox 1022 1331 1184 1397; x_wconf 87' lang='lat' dir='ltr'><strong>infinitam</strong></span> <span class='ocrx_word' id='word_1_52' title='bbox 1208 1333 1424 1410; x_wconf 85' lang='lat' dir='ltr'><strong>varietatem,</strong></span> <span class='ocrx_word' id='word_1_53' title='bbox 1458 1357 1511 1405; x_wconf 83' lang='lat' dir='ltr'><strong>re·</strong></span> 
     </span>
     <span class='ocr_line' id='line_1_8' title="bbox 316 1435 1511 1524; baseline -0.002 -14"><span class='ocrx_word' id='word_1_54' title='bbox 316 1444 501 1520; x_wconf 66' lang='lat' dir='ltr'><strong>locustam,</strong></span> <span class='ocrx_word' id='word_1_55' title='bbox 523 1439 725 1513; x_wconf 85' lang='lat' dir='ltr'><strong>libertatem,</strong></span> <span class='ocrx_word' id='word_1_56' title='bbox 751 1436 851 1503; x_wconf 89' lang='lat' dir='ltr'><strong>veluti</strong></span> <span class='ocrx_word' id='word_1_57' title='bbox 872 1435 1079 1522; x_wconf 82' lang='lat' dir='ltr'><strong>compedibus</strong></span> <span class='ocrx_word' id='word_1_58' title='bbox 1103 1436 1297 1524; x_wconf 91' lang='lat' dir='ltr'><strong>quibusdam</strong></span> <span class='ocrx_word' id='word_1_59' title='bbox 1320 1446 1353 1505; x_wconf 88' lang='lat' dir='ltr'><strong>et</strong></span> <span class='ocrx_word' id='word_1_60' title='bbox 1377 1458 1511 1508; x_wconf 80' lang='lat' dir='ltr'><strong>carcere</strong></span> 
     </span>
     <span class='ocr_line' id='line_1_9' title="bbox 316 1541 1508 1628; baseline -0.004 -9"><span class='ocrx_word' id='word_1_61' title='bbox 316 1559 487 1625; x_wconf 72' lang='lat' dir='ltr'><strong>coercere,</strong></span> <span class='ocrx_word' id='word_1_62' title='bbox 510 1544 641 1612; x_wconf 91' lang='lat' dir='ltr'><strong>domare</strong></span> <span class='ocrx_word' id='word_1_63' title='bbox 656 1551 690 1610; x_wconf 92' lang='lat' dir='ltr'><strong>et</strong></span> <span class='ocrx_word' id='word_1_64' title='bbox 711 1543 758 1609; x_wconf 90' lang='lat' dir='ltr'><strong>sic</strong></span> <span class='ocrx_word' id='word_1_65' title='bbox 782 1541 952 1607; x_wconf 89' lang='lat' dir='ltr'><strong>debilitare</strong></span> <span class='ocrx_word' id='word_1_66' title='bbox 974 1562 1017 1608; x_wconf 88' lang='lat' dir='ltr'><strong>ac·</strong></span> <span class='ocrx_word' id='word_1_67' title='bbox 1035 1541 1184 1628; x_wconf 80' lang='lat' dir='ltr'><strong>frangere</strong></span> <span class='ocrx_word' id='word_1_68' title='bbox 1208 1544 1337 1622; x_wconf 88' lang='lat' dir='ltr'><strong>conari,</strong></span> <span class='ocrx_word' id='word_1_69' title='bbox 1361 1552 1399 1614; x_wconf 88' lang='lat' dir='ltr'><strong>ut</strong></span> <span class='ocrx_word' id='word_1_70' title='bbox 1420 1565 1508 1614; x_wconf 88' lang='lat' dir='ltr'><strong>sum·</strong></span> 
     </span>
     <span class='ocr_line' id='line_1_10' title="bbox 315 1645 1507 1737; baseline -0.003 -15"><span class='ocrx_word' id='word_1_71' title='bbox 315 1656 380 1722; x_wconf 85' lang='lat' dir='ltr'><strong>mis</strong></span> <span class='ocrx_word' id='word_1_72' title='bbox 408 1651 549 1737; x_wconf 86' lang='lat' dir='ltr'><strong>ingeniis</strong></span> <span class='ocrx_word' id='word_1_73' title='bbox 577 1648 763 1716; x_wconf 87' lang='lat' dir='ltr'><strong>laenitatem</strong></span> <span class='ocrx_word' id='word_1_74' title='bbox 790 1645 959 1733; x_wconf 89' lang='lat' dir='ltr'><strong>eloquendi</strong></span> <span class='ocrx_word' id='word_1_75' title='bbox 990 1646 1076 1733; x_wconf 93' lang='lat' dir='ltr'><strong>qnod</strong></span> <span class='ocrx_word' id='word_1_76' title='bbox 1099 1648 1241 1716; x_wconf 86' lang='lat' dir='ltr'><strong>sentiant</strong></span> <span class='ocrx_word' id='word_1_77' title='bbox 1264 1649 1367 1716; x_wconf 85' lang='lat' dir='ltr'><strong>arctis</strong></span> <span class='ocrx_word' id='word_1_78' title='bbox 1387 1648 1507 1718; x_wconf 64' lang='lat' dir='ltr'><strong>miluus</strong></span> 
     </span>
     <span class='ocr_line' id='line_1_11' title="bbox 317 1752 1509 1838; baseline -0.004 -13"><span class='ocrx_word' id='word_1_79' title='bbox 317 1755 587 1833; x_wconf 78' lang='lat' dir='ltr'><strong>circumscribas,</strong></span> <span class='ocrx_word' id='word_1_80' title='bbox 616 1763 648 1821; x_wconf 86' lang='lat' dir='ltr'><strong>et</strong></span> <span class='ocrx_word' id='word_1_81' title='bbox 671 1774 746 1822; x_wconf 49' lang='lat' dir='ltr'><strong>esse&lt;</strong></span> <span class='ocrx_word' id='word_1_82' title='bbox 764 1752 823 1819; x_wconf 89' lang='lat' dir='ltr'><strong>boc</strong></span> <span class='ocrx_word' id='word_1_83' title='bbox 853 1752 945 1838; x_wconf 86' lang='lat' dir='ltr'><strong>quasi</strong></span> <span class='ocrx_word' id='word_1_84' title='bbox 974 1752 1090 1838; x_wconf 87' lang='lat' dir='ltr'><strong>pinnas</strong></span> <span class='ocrx_word' id='word_1_85' title='bbox 1111 1754 1219 1820; x_wconf 89' lang='lat' dir='ltr'><strong>auimo</strong></span> <span class='ocrx_word' id='word_1_86' title='bbox 1242 1754 1441 1834; x_wconf 85' lang='lat' dir='ltr'><strong>incidentis,</strong></span> <span class='ocrx_word' id='word_1_87' title='bbox 1466 1775 1509 1830; x_wconf 86' lang='lat' dir='ltr'><strong>ne</strong></span> 
     </span>
     <span class='ocr_line' id='line_1_12' title="bbox 317 1856 1506 1948; baseline -0.001 -19"><span class='ocrx_word' id='word_1_88' title='bbox 317 1883 354 1929; x_wconf 86' lang='lat' dir='ltr'><strong>eo</strong></span> <span class='ocrx_word' id='word_1_89' title='bbox 377 1861 501 1930; x_wconf 87' lang='lat' dir='ltr'><strong>evolare</strong></span> <span class='ocrx_word' id='word_1_90' title='bbox 532 1860 633 1948; x_wconf 88' lang='lat' dir='ltr'><strong>possit</strong></span> <span class='ocrx_word' id='word_1_91' title='bbox 667 1879 731 1946; x_wconf 94' lang='lat' dir='ltr'><strong>quo</strong></span> <span class='ocrx_word' id='word_1_92' title='bbox 762 1877 856 1924; x_wconf 89' lang='lat' dir='ltr'><strong>nemo</strong></span> <span class='ocrx_word' id='word_1_93' title='bbox 886 1856 993 1922; x_wconf 90' lang='lat' dir='ltr'><strong>adbuc</strong></span> <span class='ocrx_word' id='word_1_94' title='bbox 1021 1858 1213 1945; x_wconf 89' lang='lat' dir='ltr'><strong>pervenerit.</strong></span> <span class='ocrx_word' id='word_1_95' title='bbox 1261 1859 1333 1926; x_wconf 89' lang='lat' dir='ltr'><strong>Non</strong></span> <span class='ocrx_word' id='word_1_96' title='bbox 1363 1860 1506 1928; x_wconf 86' lang='lat' dir='ltr'><strong>multum</strong></span> 
     </span>
     <span class='ocr_line' id='line_1_13' title="bbox 317 1961 1506 2049; baseline -0.001 -15"><span class='ocrx_word' id='word_1_97' title='bbox 317 1966 398 2034; x_wconf 83' lang='lat' dir='ltr'><strong>milri</strong></span> <span class='ocrx_word' id='word_1_98' title='bbox 423 1965 624 2034; x_wconf 84' lang='lat' dir='ltr'><strong>difficultatis</strong></span> <span class='ocrx_word' id='word_1_99' title='bbox 640 1964 792 2031; x_wconf 85' lang='lat' dir='ltr'><strong>obiiciant</strong></span> <span class='ocrx_word' id='word_1_100' title='bbox 815 1964 872 2049; x_wconf 89' lang='lat' dir='ltr'><strong>qui</strong></span> <span class='ocrx_word' id='word_1_101' title='bbox 893 1963 938 2029; x_wconf 87' lang='lat' dir='ltr'><strong>ita</strong></span> <span class='ocrx_word' id='word_1_102' title='bbox 959 1961 1142 2048; x_wconf 89' lang='lat' dir='ltr'><strong>disputant,</strong></span> <span class='ocrx_word' id='word_1_103' title='bbox 1168 1982 1244 2028; x_wconf 90' lang='lat' dir='ltr'><strong>nam</strong></span> <span class='ocrx_word' id='word_1_104' title='bbox 1263 1962 1357 2031; x_wconf 82' lang='lat' dir='ltr'><strong>facile</strong></span> <span class='ocrx_word' id='word_1_105' title='bbox 1376 1967 1506 2034; x_wconf 81' lang='lat' dir='ltr'><strong>uincam</strong></span> 
     </span>
     <span class='ocr_line' id='line_1_14' title="bbox 317 2067 1505 2156; baseline 0.002 -16"><span class='ocrx_word' id='word_1_106' title='bbox 317 2073 584 2156; x_wconf 73' lang='grc' dir='ltr'><strong>περιακολουδεῒν,</strong></span> <span class='ocrx_word' id='word_1_107' title='bbox 617 2078 653 2136; x_wconf 88' lang='lat' dir='ltr'><strong>ul</strong></span> <span class='ocrx_word' id='word_1_108' title='bbox 681 2069 928 2151; x_wconf 66' lang='grc' dir='ltr'><strong>περικαθεύδειν,</strong></span> <span class='ocrx_word' id='word_1_109' title='bbox 960 2075 996 2133; x_wconf 88' lang='lat' dir='ltr'><strong>ut</strong></span> <span class='ocrx_word' id='word_1_110' title='bbox 1022 2067 1256 2151; x_wconf 73' lang='lat' dir='ltr'><strong>nepteedvdnat,</strong></span> <span class='ocrx_word' id='word_1_111' title='bbox 1287 2089 1505 2156; x_wconf 59' lang='lat' dir='ltr'><strong>numquamne</strong></span> 
     </span>
     <span class='ocr_line' id='line_1_15' title="bbox 318 2174 1504 2265; baseline -0.002 -21"><span class='ocrx_word' id='word_1_112' title='bbox 318 2197 480 2265; x_wconf 86' lang='lat' dir='ltr'><strong>quoquam</strong></span> <span class='ocrx_word' id='word_1_113' title='bbox 500 2197 569 2244; x_wconf 86' lang='lat' dir='ltr'><strong>esse</strong></span> <span class='ocrx_word' id='word_1_114' title='bbox 586 2176 710 2242; x_wconf 90' lang='lat' dir='ltr'><strong>dictum</strong></span> <span class='ocrx_word' id='word_1_115' title='bbox 731 2184 788 2243; x_wconf 91' lang='lat' dir='ltr'><strong>aut</strong></span> <span class='ocrx_word' id='word_1_116' title='bbox 812 2174 941 2252; x_wconf 88' lang='lat' dir='ltr'><strong>lictum,</strong></span> <span class='ocrx_word' id='word_1_117' title='bbox 962 2174 1039 2260; x_wconf 89' lang='lat' dir='ltr'><strong>qnia</strong></span> <span class='ocrx_word' id='word_1_118' title='bbox 1062 2194 1143 2259; x_wconf 90' lang='lat' dir='ltr'><strong>qnae</strong></span> <span class='ocrx_word' id='word_1_119' title='bbox 1156 2174 1243 2239; x_wconf 92' lang='lat' dir='ltr'><strong>notio</strong></span> <span class='ocrx_word' id='word_1_120' title='bbox 1255 2175 1392 2260; x_wconf 81' lang='lat' dir='ltr'><strong>cogitati</strong></span> <span class='ocrx_word' id='word_1_121' title='bbox 1411 2175 1504 2262; x_wconf 78' lang='lat' dir='ltr'><strong>plene</strong></span> 
     </span>
     <span class='ocr_line' id='line_1_16' title="bbox 317 2276 1504 2370; baseline 0 -21"><span class='ocrx_word' id='word_1_122' title='bbox 317 2304 381 2349; x_wconf 94' lang='lat' dir='ltr'><strong>non</strong></span> <span class='ocrx_word' id='word_1_123' title='bbox 408 2289 534 2370; x_wconf 86' lang='lat' dir='ltr'><strong>potest,</strong></span> <span class='ocrx_word' id='word_1_124' title='bbox 558 2282 650 2350; x_wconf 89' lang='lat' dir='ltr'><strong>novis</strong></span> <span class='ocrx_word' id='word_1_125' title='bbox 668 2280 774 2349; x_wconf 87' lang='lat' dir='ltr'><strong>verbis</strong></span> <span class='ocrx_word' id='word_1_126' title='bbox 798 2280 914 2347; x_wconf 87' lang='lat' dir='ltr'><strong>subiici</strong></span> <span class='ocrx_word' id='word_1_127' title='bbox 935 2300 998 2345; x_wconf 93' lang='lat' dir='ltr'><strong>non</strong></span> <span class='ocrx_word' id='word_1_128' title='bbox 1022 2286 1144 2366; x_wconf 88' lang='lat' dir='ltr'><strong>potest,</strong></span> <span class='ocrx_word' id='word_1_129' title='bbox 1168 2286 1200 2346; x_wconf 92' lang='lat' dir='ltr'><strong>et</strong></span> <span class='ocrx_word' id='word_1_130' title='bbox 1219 2276 1335 2359; x_wconf 72' lang='grc' dir='ltr'><strong><em>ἕπομαι</em></strong></span> <span class='ocrx_word' id='word_1_131' title='bbox 1359 2281 1409 2346; x_wconf 84' lang='lat' dir='ltr'><strong>rel</strong></span> <span class='ocrx_word' id='word_1_132' title='bbox 1425 2284 1504 2349; x_wconf 68' lang='lat' dir='ltr'><strong>nien·</strong></span> 
     </span>
     <span class='ocr_line' id='line_1_17' title="bbox 316 2386 1504 2473; baseline -0.002 -17"><span class='ocrx_word' id='word_1_133' title='bbox 316 2391 433 2457; x_wconf 67' lang='lat' dir='ltr'><strong>novicia</strong></span> <span class='ocrx_word' id='word_1_134' title='bbox 459 2388 508 2456; x_wconf 87' lang='lat' dir='ltr'><strong>vel</strong></span> <span class='ocrx_word' id='word_1_135' title='bbox 536 2389 698 2469; x_wconf 70' lang='grc' dir='ltr'><strong>ὁμαρτεῖν,</strong></span> <span class='ocrx_word' id='word_1_136' title='bbox 727 2386 802 2473; x_wconf 90' lang='lat' dir='ltr'><strong>quia</strong></span> <span class='ocrx_word' id='word_1_137' title='bbox 833 2394 984 2452; x_wconf 87' lang='lat' dir='ltr'><strong>naturam</strong></span> <span class='ocrx_word' id='word_1_138' title='bbox 1005 2404 1098 2452; x_wconf 90' lang='lat' dir='ltr'><strong>suam</strong></span> <span class='ocrx_word' id='word_1_139' title='bbox 1117 2404 1236 2451; x_wconf 81' lang='lat' dir='ltr'><strong>exuere</strong></span> <span class='ocrx_word' id='word_1_140' title='bbox 1258 2405 1321 2450; x_wconf 92' lang='lat' dir='ltr'><strong>uon</strong></span> <span class='ocrx_word' id='word_1_141' title='bbox 1347 2393 1504 2472; x_wconf 87' lang='lat' dir='ltr'><strong>possunt,</strong></span> 
     </span>
     <span class='ocr_line' id='line_1_18' title="bbox 316 2489 1506 2582; baseline -0.003 -20"><span class='ocrx_word' id='word_1_142' title='bbox 316 2514 496 2582; x_wconf 88' lang='lat' dir='ltr'><strong>numquam</strong></span> <span class='ocrx_word' id='word_1_143' title='bbox 530 2494 673 2582; x_wconf 89' lang='lat' dir='ltr'><strong>potuisse</strong></span> <span class='ocrx_word' id='word_1_144' title='bbox 700 2491 923 2557; x_wconf 85' lang='lat' dir='ltr'><strong>accusativum</strong></span> <span class='ocrx_word' id='word_1_145' title='bbox 947 2490 1144 2568; x_wconf 89' lang='lat' dir='ltr'><strong>adsciscere,</strong></span> <span class='ocrx_word' id='word_1_146' title='bbox 1179 2489 1337 2576; x_wconf 91' lang='lat' dir='ltr'><strong>quidquid</strong></span> <span class='ocrx_word' id='word_1_147' title='bbox 1368 2490 1506 2573; x_wconf 79' lang='lat' dir='ltr'><strong>Qmurun</strong></span> 
     </span>
     <span class='ocr_line' id='line_1_19' title="bbox 316 2594 1504 2681; baseline -0.006 -14"><span class='ocrx_word' id='word_1_148' title='bbox 316 2601 459 2668; x_wconf 69' lang='lat' dir='ltr'><strong>crumas.</strong></span> <span class='ocrx_word' id='word_1_149' title='bbox 473 2600 524 2667; x_wconf 87' lang='lat' dir='ltr'><strong>vel</strong></span> <span class='ocrx_word' id='word_1_150' title='bbox 545 2600 702 2666; x_wconf 56' lang='lat' dir='ltr'><strong>&amp;turnus</strong></span> <span class='ocrx_word' id='word_1_151' title='bbox 724 2596 773 2662; x_wconf 86' lang='lat' dir='ltr'><strong>vel</strong></span> <span class='ocrx_word' id='word_1_152' title='bbox 794 2597 937 2681; x_wconf 91' lang='lat' dir='ltr'><strong>imperiti</strong></span> <span class='ocrx_word' id='word_1_153' title='bbox 969 2596 1094 2662; x_wconf 88' lang='lat' dir='ltr'><strong>scribae</strong></span> <span class='ocrx_word' id='word_1_154' title='bbox 1117 2594 1377 2662; x_wconf 84' lang='lat' dir='ltr'><strong>hallucinantur..</strong></span> <span class='ocrx_word' id='word_1_155' title='bbox 1489 2629 1504 2668; x_wconf 86' lang='grc'>,..·</span> 
     </span>
    </p>

    <p class='ocr_par' dir='ltr' id='par_1_3' title="bbox 307 2699 1512 4795">
     <span class='ocr_line' id='line_1_20' title="bbox 359 2699 1504 2789; baseline -0.002 -17"><span class='ocrx_word' id='word_1_156' title='bbox 359 2706 396 2772; x_wconf 91' lang='lat' dir='ltr'><strong>ln</strong></span> <span class='ocrx_word' id='word_1_157' title='bbox 426 2725 463 2773; x_wconf 89' lang='lat' dir='ltr'><strong>re</strong></span> <span class='ocrx_word' id='word_1_158' title='bbox 493 2704 653 2772; x_wconf 87' lang='lat' dir='ltr'><strong>litteraria</strong></span> <span class='ocrx_word' id='word_1_159' title='bbox 681 2710 714 2768; x_wconf 88' lang='lat' dir='ltr'><strong>et</strong></span> <span class='ocrx_word' id='word_1_160' title='bbox 749 2702 968 2787; x_wconf 89' lang='lat' dir='ltr'><strong>grammatica</strong></span> <span class='ocrx_word' id='word_1_161' title='bbox 992 2722 1056 2768; x_wconf 90' lang='lat' dir='ltr'><strong>nou</strong></span> <span class='ocrx_word' id='word_1_162' title='bbox 1088 2708 1136 2768; x_wconf 89' lang='lat' dir='ltr'><strong>est</strong></span> <span class='ocrx_word' id='word_1_163' title='bbox 1168 2699 1385 2787; x_wconf 90' lang='lat' dir='ltr'><strong>periculosum</strong></span> <span class='ocrx_word' id='word_1_164' title='bbox 1419 2700 1504 2789; x_wconf 81' lang='lat' dir='ltr'><strong>qnod</strong></span> 
     </span>
     <span class='ocr_line' id='line_1_21' title="bbox 317 2806 1507 2896; baseline -0.007 -18"><span class='ocrx_word' id='word_1_165' title='bbox 317 2811 388 2879; x_wconf 90' lang='lat' dir='ltr'><strong>fieri</strong></span> <span class='ocrx_word' id='word_1_166' title='bbox 418 2829 481 2879; x_wconf 89' lang='lat' dir='ltr'><strong>non</strong></span> <span class='ocrx_word' id='word_1_167' title='bbox 505 2811 606 2896; x_wconf 90' lang='lat' dir='ltr'><strong>possit</strong></span> <span class='ocrx_word' id='word_1_168' title='bbox 635 2826 812 2895; x_wconf 87' lang='lat' dir='ltr'><strong>numquam</strong></span> <span class='ocrx_word' id='word_1_169' title='bbox 838 2806 961 2875; x_wconf 86' lang='lat' dir='ltr'><strong>lactum</strong></span> <span class='ocrx_word' id='word_1_170' title='bbox 992 2827 1062 2873; x_wconf 91' lang='lat' dir='ltr'><strong>esse</strong></span> <span class='ocrx_word' id='word_1_171' title='bbox 1081 2826 1286 2886; x_wconf 84' lang='lat' dir='ltr'><strong>asseverare,</strong></span> <span class='ocrx_word' id='word_1_172' title='bbox 1309 2826 1415 2894; x_wconf 89' lang='lat' dir='ltr'><strong>neque</strong></span> <span class='ocrx_word' id='word_1_173' title='bbox 1432 2808 1507 2883; x_wconf 74' lang='lat' dir='ltr'><strong>,boe</strong></span> 
     </span>
     <span class='ocr_line' id='line_1_22' title="bbox 316 2911 1504 3002; baseline 0.002 -21"><span class='ocrx_word' id='word_1_174' title='bbox 316 2917 418 3002; x_wconf 88' lang='lat' dir='ltr'><strong>igitur</strong></span> <span class='ocrx_word' id='word_1_175' title='bbox 430 2933 624 3000; x_wconf 81' lang='lat' dir='ltr'><strong>magnopere</strong></span> <span class='ocrx_word' id='word_1_176' title='bbox 643 2912 768 2992; x_wconf 89' lang='lat' dir='ltr'><strong>laboro,</strong></span> <span class='ocrx_word' id='word_1_177' title='bbox 792 2911 848 2978; x_wconf 90' lang='lat' dir='ltr'><strong>sed</strong></span> <span class='ocrx_word' id='word_1_178' title='bbox 868 2912 956 2979; x_wconf 92' lang='lat' dir='ltr'><strong>aliud</strong></span> <span class='ocrx_word' id='word_1_179' title='bbox 973 2922 1022 2980; x_wconf 90' lang='lat' dir='ltr'><strong>est</strong></span> <span class='ocrx_word' id='word_1_180' title='bbox 1045 2913 1223 2981; x_wconf 84' lang='lat' dir='ltr'><strong>cavendum</strong></span> <span class='ocrx_word' id='word_1_181' title='bbox 1247 2933 1285 2978; x_wconf 87' lang='lat' dir='ltr'><strong>oc</strong></span> <span class='ocrx_word' id='word_1_182' title='bbox 1302 2912 1415 2983; x_wconf 84' lang='lat' dir='ltr'><strong>sedulo</strong></span> <span class='ocrx_word' id='word_1_183' title='bbox 1437 2914 1504 2987; x_wconf 57' lang='lat' dir='ltr'><strong>auin</strong></span> 
     </span>
     <span class='ocr_line' id='line_1_23' title="bbox 316 3017 1504 3107; baseline -0.001 -20"><span class='ocrx_word' id='word_1_184' title='bbox 316 3017 604 3098; x_wconf 87' lang='lat' dir='ltr'><strong>madvertendum,</strong></span> <span class='ocrx_word' id='word_1_185' title='bbox 628 3038 669 3084; x_wconf 90' lang='lat' dir='ltr'><strong>ue</strong></span> <span class='ocrx_word' id='word_1_186' title='bbox 687 3019 895 3085; x_wconf 84' lang='lat' dir='ltr'><strong>immerentes</strong></span> <span class='ocrx_word' id='word_1_187' title='bbox 912 3019 1033 3086; x_wconf 88' lang='lat' dir='ltr'><strong>iniuria</strong></span> <span class='ocrx_word' id='word_1_188' title='bbox 1052 3019 1249 3107; x_wconf 87' lang='lat' dir='ltr'><strong>plectantur,</strong></span> <span class='ocrx_word' id='word_1_189' title='bbox 1270 3025 1303 3084; x_wconf 91' lang='lat' dir='ltr'><strong>et</strong></span> <span class='ocrx_word' id='word_1_190' title='bbox 1325 3018 1504 3105; x_wconf 71' lang='lat' dir='ltr'><strong>quod-scri,</strong></span> 
     </span>
     <span class='ocr_line' id='line_1_24' title="bbox 316 3121 1509 3212; baseline 0.001 -20"><span class='ocrx_word' id='word_1_191' title='bbox 316 3125 432 3193; x_wconf 84' lang='lat' dir='ltr'><strong>boeot</strong></span> <span class='ocrx_word' id='word_1_192' title='bbox 463 3123 554 3191; x_wconf 89' lang='lat' dir='ltr'><strong>scioli</strong></span> <span class='ocrx_word' id='word_1_193' title='bbox 588 3121 803 3210; x_wconf 84' lang='lat' dir='ltr'><strong>deliquerint,</strong></span> <span class='ocrx_word' id='word_1_194' title='bbox 836 3123 869 3189; x_wconf 94' lang='lat' dir='ltr'><strong>id</strong></span> <span class='ocrx_word' id='word_1_195' title='bbox 894 3125 974 3212; x_wconf 90' lang='lat' dir='ltr'><strong>ipsis</strong></span> <span class='ocrx_word' id='word_1_196' title='bbox 1004 3124 1179 3192; x_wconf 83' lang='lat' dir='ltr'><strong>Atticorum</strong></span> <span class='ocrx_word' id='word_1_197' title='bbox 1201 3124 1431 3194; x_wconf 81' lang='lat' dir='ltr'><strong>imitatoribus</strong></span> <span class='ocrx_word' id='word_1_198' title='bbox 1444 3127 1509 3199; x_wconf 53' lang='lat' dir='ltr'><strong>ime,</strong></span> 
     </span>
     <span class='ocr_line' id='line_1_25' title="bbox 315 3229 1504 3319; baseline 0.005 -22"><span class='ocrx_word' id='word_1_199' title='bbox 315 3237 459 3319; x_wconf 88' lang='lat' dir='ltr'><strong>putetur.</strong></span> <span class='ocrx_word' id='word_1_200' title='bbox 480 3229 674 3296; x_wconf 86' lang='lat' dir='ltr'><strong>Lucunuset</strong></span> <span class='ocrx_word' id='word_1_201' title='bbox 691 3230 878 3308; x_wconf 78' lang='lat' dir='ltr'><strong>Acerranos,</strong></span> <span class='ocrx_word' id='word_1_202' title='bbox 902 3251 944 3297; x_wconf 89' lang='lat' dir='ltr'><strong>ne</strong></span> <span class='ocrx_word' id='word_1_203' title='bbox 967 3230 1073 3298; x_wconf 87' lang='lat' dir='ltr'><strong>dicam</strong></span> <span class='ocrx_word' id='word_1_204' title='bbox 1094 3230 1133 3296; x_wconf 91' lang='lat' dir='ltr'><strong>de</strong></span> <span class='ocrx_word' id='word_1_205' title='bbox 1156 3229 1292 3308; x_wconf 87' lang='lat' dir='ltr'><strong>ceteris,</strong></span> <span class='ocrx_word' id='word_1_206' title='bbox 1315 3250 1403 3299; x_wconf 88' lang='lat' dir='ltr'><strong>nunc</strong></span> <span class='ocrx_word' id='word_1_207' title='bbox 1416 3251 1504 3303; x_wconf 76' lang='lat' dir='ltr'><strong>mum</strong></span> 
     </span>
     <span class='ocr_line' id='line_1_26' title="bbox 313 3334 1502 3423; baseline 0.004 -21"><span class='ocrx_word' id='word_1_208' title='bbox 313 3337 366 3403; x_wconf 93' lang='lat' dir='ltr'><strong>dis</strong></span> <span class='ocrx_word' id='word_1_209' title='bbox 397 3343 431 3405; x_wconf 88' lang='lat' dir='ltr'><strong>et</strong></span> <span class='ocrx_word' id='word_1_210' title='bbox 462 3334 627 3404; x_wconf 89' lang='lat' dir='ltr'><strong>erroribus</strong></span> <span class='ocrx_word' id='word_1_211' title='bbox 656 3335 769 3404; x_wconf 93' lang='lat' dir='ltr'><strong>multis</strong></span> <span class='ocrx_word' id='word_1_212' title='bbox 795 3336 891 3402; x_wconf 85' lang='lat' dir='ltr'><strong>obsiti</strong></span> <span class='ocrx_word' id='word_1_213' title='bbox 925 3345 1020 3416; x_wconf 88' lang='lat' dir='ltr'><strong>sunt,</strong></span> <span class='ocrx_word' id='word_1_214' title='bbox 1057 3335 1173 3423; x_wconf 88' lang='lat' dir='ltr'><strong>quibus</strong></span> <span class='ocrx_word' id='word_1_215' title='bbox 1204 3334 1342 3402; x_wconf 90' lang='lat' dir='ltr'><strong>sanioris</strong></span> <span class='ocrx_word' id='word_1_216' title='bbox 1363 3339 1502 3412; x_wconf 66' lang='lat' dir='ltr'><strong>’Auditae</strong></span> 
     </span>
     <span class='ocr_line' id='line_1_27' title="bbox 314 3442 1504 3528; baseline -0.001 -18"><span class='ocrx_word' id='word_1_217' title='bbox 314 3449 465 3511; x_wconf 87' lang='lat' dir='ltr'><strong>constans</strong></span> <span class='ocrx_word' id='word_1_218' title='bbox 500 3448 532 3509; x_wconf 91' lang='lat' dir='ltr'><strong>et</strong></span> <span class='ocrx_word' id='word_1_219' title='bbox 566 3450 760 3528; x_wconf 87' lang='lat' dir='ltr'><strong>perpetuus·</strong></span> <span class='ocrx_word' id='word_1_220' title='bbox 776 3462 855 3509; x_wconf 80' lang='lat' dir='ltr'><strong>ursus</strong></span> <span class='ocrx_word' id='word_1_221' title='bbox 884 3442 1044 3520; x_wconf 88' lang='lat' dir='ltr'><strong>violatur,</strong></span> <span class='ocrx_word' id='word_1_222' title='bbox 1073 3462 1135 3507; x_wconf 91' lang='lat' dir='ltr'><strong>nou</strong></span> <span class='ocrx_word' id='word_1_223' title='bbox 1170 3460 1245 3526; x_wconf 93' lang='lat' dir='ltr'><strong>quo.</strong></span> <span class='ocrx_word' id='word_1_224' title='bbox 1264 3459 1301 3507; x_wconf 92' lang='lat' dir='ltr'><strong>ea</strong></span> <span class='ocrx_word' id='word_1_225' title='bbox 1340 3443 1504 3510; x_wconf 85' lang='lat' dir='ltr'><strong>nescirent</strong></span> 
     </span>
     <span class='ocr_line' id='line_1_28' title="bbox 313 3545 1507 3636; baseline -0.001 -21"><span class='ocrx_word' id='word_1_226' title='bbox 313 3569 395 3636; x_wconf 88' lang='lat' dir='ltr'><strong>quae</strong></span> <span class='ocrx_word' id='word_1_227' title='bbox 428 3546 637 3615; x_wconf 84' lang='lat' dir='ltr'><strong>lutilissimus</strong></span> <span class='ocrx_word' id='word_1_228' title='bbox 669 3548 807 3635; x_wconf 91' lang='lat' dir='ltr'><strong>quisque</strong></span> <span class='ocrx_word' id='word_1_229' title='bbox 841 3546 1097 3632; x_wconf 87' lang='lat' dir='ltr'><strong>magistellorum</strong></span> <span class='ocrx_word' id='word_1_230' title='bbox 1127 3545 1288 3625; x_wconf 82' lang='lat' dir='ltr'><strong>inculcat,</strong></span> <span class='ocrx_word' id='word_1_231' title='bbox 1304 3593 1306 3598; x_wconf 67' lang='lat'><strong>,</strong></span> <span class='ocrx_word' id='word_1_232' title='bbox 1323 3546 1380 3613; x_wconf 89' lang='lat' dir='ltr'><strong>sed</strong></span> <span class='ocrx_word' id='word_1_233' title='bbox 1408 3548 1507 3635; x_wconf 86' lang='lat' dir='ltr'><strong>quia,¹</strong></span> 
     </span>
     <span class='ocr_line' id='line_1_29' title="bbox 312 3650 1503 3729; baseline 0.001 -11"><span class='ocrx_word' id='word_1_234' title='bbox 312 3653 395 3723; x_wconf 89' lang='lat' dir='ltr'><strong>dum</strong></span> <span class='ocrx_word' id='word_1_235' title='bbox 414 3652 561 3719; x_wconf 89' lang='lat' dir='ltr'><strong>omnium</strong></span> <span class='ocrx_word' id='word_1_236' title='bbox 590 3652 739 3717; x_wconf 89' lang='lat' dir='ltr'><strong>manibus</strong></span> <span class='ocrx_word' id='word_1_237' title='bbox 761 3651 871 3717; x_wconf 89' lang='lat' dir='ltr'><strong>sedulo</strong></span> <span class='ocrx_word' id='word_1_238' title='bbox 894 3659 1063 3728; x_wconf 87' lang='lat' dir='ltr'><strong>teruntur,</strong></span> <span class='ocrx_word' id='word_1_239' title='bbox 1094 3658 1263 3729; x_wconf 80' lang='lat' dir='ltr'><strong>traxerunt</strong></span> <span class='ocrx_word' id='word_1_240' title='bbox 1287 3650 1503 3725; x_wconf 72' lang='lat' dir='ltr'><strong>subinde-ab·</strong></span> 
     </span>
     <span class='ocr_line' id='line_1_30' title="bbox 312 3753 1503 3843; baseline 0.003 -21"><span class='ocrx_word' id='word_1_241' title='bbox 312 3755 390 3843; x_wconf 93' lang='lat' dir='ltr'><strong>quid</strong></span> <span class='ocrx_word' id='word_1_242' title='bbox 416 3776 525 3823; x_wconf 82' lang='lat' dir='ltr'><strong>novae</strong></span> <span class='ocrx_word' id='word_1_243' title='bbox 559 3755 782 3840; x_wconf 88' lang='lat' dir='ltr'><strong>corruptelae,</strong></span> <span class='ocrx_word' id='word_1_244' title='bbox 805 3774 903 3840; x_wconf 84' lang='lat' dir='ltr'><strong>quatu</strong></span> <span class='ocrx_word' id='word_1_245' title='bbox 917 3753 1071 3823; x_wconf 85' lang='lat' dir='ltr'><strong>affricuit</strong></span> <span class='ocrx_word' id='word_1_246' title='bbox 1101 3755 1259 3823; x_wconf 90' lang='lat' dir='ltr'><strong>lectorum</strong></span> <span class='ocrx_word' id='word_1_247' title='bbox 1281 3764 1413 3839; x_wconf 84' lang='lat' dir='ltr'><strong>tantum</strong></span> <span class='ocrx_word' id='word_1_248' title='bbox 1438 3779 1503 3829; x_wconf 87' lang='lat' dir='ltr'><strong>uon</strong></span> 
     </span>
     <span class='ocr_line' id='line_1_31' title="bbox 311 3858 1504 3943; baseline 0.003 -16"><span class='ocrx_word' id='word_1_249' title='bbox 311 3863 457 3927; x_wconf 92' lang='lat' dir='ltr'><strong>omnium</strong></span> <span class='ocrx_word' id='word_1_250' title='bbox 480 3861 595 3926; x_wconf 86' lang='lat' dir='ltr'><strong>uitiosa</strong></span> <span class='ocrx_word' id='word_1_251' title='bbox 615 3858 742 3924; x_wconf 90' lang='lat' dir='ltr'><strong>dicendi</strong></span> <span class='ocrx_word' id='word_1_252' title='bbox 767 3861 975 3929; x_wconf 89' lang='lat' dir='ltr'><strong>consuetudo.</strong></span> <span class='ocrx_word' id='word_1_253' title='bbox 1016 3861 1129 3943; x_wconf 38' lang='lat' dir='ltr'><strong>,cuum</strong></span> <span class='ocrx_word' id='word_1_254' title='bbox 1153 3862 1254 3929; x_wconf 86' lang='lat' dir='ltr'><strong>animi</strong></span> <span class='ocrx_word' id='word_1_255' title='bbox 1277 3881 1374 3929; x_wconf 75' lang='lat' dir='ltr'><strong>canusa</strong></span> <span class='ocrx_word' id='word_1_256' title='bbox 1397 3863 1504 3937; x_wconf 82' lang='lat' dir='ltr'><strong>iocosa</strong></span> 
     </span>
     <span class='ocr_line' id='line_1_32' title="bbox 311 3964 1503 4055; baseline 0.003 -25"><span class='ocrx_word' id='word_1_257' title='bbox 311 3965 432 4051; x_wconf 88' lang='lat' dir='ltr'><strong>scripta</strong></span> <span class='ocrx_word' id='word_1_258' title='bbox 456 3964 589 4051; x_wconf 92' lang='lat' dir='ltr'><strong>plurimi</strong></span> <span class='ocrx_word' id='word_1_259' title='bbox 620 3973 785 4032; x_wconf 85' lang='lat' dir='ltr'><strong>versarent</strong></span> <span class='ocrx_word' id='word_1_260' title='bbox 819 3973 851 4032; x_wconf 89' lang='lat' dir='ltr'><strong>et</strong></span> <span class='ocrx_word' id='word_1_261' title='bbox 881 3966 1122 4047; x_wconf 87' lang='lat' dir='ltr'><strong>describerent,</strong></span> <span class='ocrx_word' id='word_1_262' title='bbox 1157 3966 1300 4037; x_wconf 84' lang='lat' dir='ltr'><strong>facetias·</strong></span> <span class='ocrx_word' id='word_1_263' title='bbox 1319 3974 1351 4034; x_wconf 91' lang='lat' dir='ltr'><strong>et</strong></span> <span class='ocrx_word' id='word_1_264' title='bbox 1379 3966 1503 4055; x_wconf 90' lang='lat' dir='ltr'><strong>lepores</strong></span> 
     </span>
     <span class='ocr_line' id='line_1_33' title="bbox 311 4070 1503 4159; baseline 0.004 -23"><span class='ocrx_word' id='word_1_265' title='bbox 311 4070 416 4156; x_wconf 89' lang='lat' dir='ltr'><strong>magis</strong></span> <span class='ocrx_word' id='word_1_266' title='bbox 443 4089 539 4156; x_wconf 91' lang='lat' dir='ltr'><strong>quam</strong></span> <span class='ocrx_word' id='word_1_267' title='bbox 572 4071 725 4136; x_wconf 90' lang='lat' dir='ltr'><strong>orationis</strong></span> <span class='ocrx_word' id='word_1_268' title='bbox 757 4070 893 4139; x_wconf 86' lang='lat' dir='ltr'><strong>formam</strong></span> <span class='ocrx_word' id='word_1_269' title='bbox 929 4073 1107 4152; x_wconf 89' lang='lat' dir='ltr'><strong>curabant,</strong></span> <span class='ocrx_word' id='word_1_270' title='bbox 1142 4093 1224 4159; x_wconf 91' lang='lat' dir='ltr'><strong>quae</strong></span> <span class='ocrx_word' id='word_1_271' title='bbox 1260 4073 1427 4159; x_wconf 91' lang='lat' dir='ltr'><strong>paullatim</strong></span> <span class='ocrx_word' id='word_1_272' title='bbox 1462 4073 1503 4141; x_wconf 92' lang='lat' dir='ltr'><strong>ad</strong></span> 
     </span>
     <span class='ocr_line' id='line_1_34' title="bbox 309 4174 1503 4264; baseline 0.008 -24"><span class='ocrx_word' id='word_1_273' title='bbox 309 4175 481 4260; x_wconf 85' lang='lat' dir='ltr'><strong>vulgarem</strong></span> <span class='ocrx_word' id='word_1_274' title='bbox 502 4175 652 4261; x_wconf 90' lang='lat' dir='ltr'><strong>loquendi</strong></span> <span class='ocrx_word' id='word_1_275' title='bbox 673 4174 845 4245; x_wconf 81' lang='lat' dir='ltr'><strong>formulam</strong></span> <span class='ocrx_word' id='word_1_276' title='bbox 868 4178 980 4245; x_wconf 87' lang='lat' dir='ltr'><strong>relicta</strong></span> <span class='ocrx_word' id='word_1_277' title='bbox 1003 4185 1079 4257; x_wconf 74' lang='lat' dir='ltr'><strong>est,</strong></span> <span class='ocrx_word' id='word_1_278' title='bbox 1092 4185 1246 4264; x_wconf 82' lang='lat' dir='ltr'><strong>utsaepe</strong></span> <span class='ocrx_word' id='word_1_279' title='bbox 1266 4179 1503 4264; x_wconf 79' lang='lat' dir='ltr'><strong>antiquascri·¹</strong></span> 
     </span>
     <span class='ocr_line' id='line_1_35' title="bbox 309 4280 1512 4377; baseline 0.003 -31"><span class='ocrx_word' id='word_1_280' title='bbox 309 4290 407 4368; x_wconf 89' lang='lat' dir='ltr'><strong>ptura</strong></span> <span class='ocrx_word' id='word_1_281' title='bbox 427 4281 546 4366; x_wconf 87' lang='lat' dir='ltr'><strong>ubique</strong></span> <span class='ocrx_word' id='word_1_282' title='bbox 568 4280 737 4349; x_wconf 86' lang='lat' dir='ltr'><strong>obliterata</strong></span> <span class='ocrx_word' id='word_1_283' title='bbox 755 4291 787 4350; x_wconf 91' lang='lat' dir='ltr'><strong>et</strong></span> <span class='ocrx_word' id='word_1_284' title='bbox 808 4283 917 4352; x_wconf 89' lang='lat' dir='ltr'><strong>deleta</strong></span> <span class='ocrx_word' id='word_1_285' title='bbox 942 4283 1007 4362; x_wconf 85' lang='lat' dir='ltr'><strong>sit,</strong></span> <span class='ocrx_word' id='word_1_286' title='bbox 1031 4303 1275 4370; x_wconf 90' lang='lat' dir='ltr'><strong>nonnumquam</strong></span> <span class='ocrx_word' id='word_1_287' title='bbox 1299 4284 1343 4351; x_wconf 89' lang='lat' dir='ltr'><strong>iu.</strong></span> <span class='ocrx_word' id='word_1_288' title='bbox 1358 4285 1512 4377; x_wconf 74' lang='lat' dir='ltr'><strong>antiquis</strong></span> 
     </span>
     <span class='ocr_line' id='line_1_36' title="bbox 310 4385 1501 4470; baseline 0.007 -18"><span class='ocrx_word' id='word_1_289' title='bbox 310 4385 458 4453; x_wconf 88' lang='lat' dir='ltr'><strong>codicum</strong></span> <span class='ocrx_word' id='word_1_290' title='bbox 491 4387 580 4465; x_wconf 79' lang='lat' dir='ltr'><strong>vitiis</strong></span> <span class='ocrx_word' id='word_1_291' title='bbox 613 4393 684 4452; x_wconf 87' lang='lat' dir='ltr'><strong>tuto</strong></span> <span class='ocrx_word' id='word_1_292' title='bbox 719 4387 911 4468; x_wconf 84' lang='lat' dir='ltr'><strong>delitescat,</strong></span> <span class='ocrx_word' id='word_1_293' title='bbox 948 4386 1034 4457; x_wconf 87' lang='lat' dir='ltr'><strong>unde</strong></span> <span class='ocrx_word' id='word_1_294' title='bbox 1061 4390 1152 4456; x_wconf 88' lang='lat' dir='ltr'><strong>acuti</strong></span> <span class='ocrx_word' id='word_1_295' title='bbox 1182 4390 1290 4461; x_wconf 77' lang='lat' dir='ltr'><strong>critici</strong></span> <span class='ocrx_word' id='word_1_296' title='bbox 1323 4398 1501 4470; x_wconf 70' lang='lat' dir='ltr'><strong>eruerunt,</strong></span> 
     </span>
     <span class='ocr_line' id='line_1_37' title="bbox 308 4489 1502 4580; baseline 0.002 -21"><span class='ocrx_word' id='word_1_297' title='bbox 308 4489 456 4559; x_wconf 83' lang='lat' dir='ltr'><strong>Graeculi</strong></span> <span class='ocrx_word' id='word_1_298' title='bbox 468 4491 544 4577; x_wconf 87' lang='lat' dir='ltr'><strong>quia</strong></span> <span class='ocrx_word' id='word_1_299' title='bbox 568 4511 631 4558; x_wconf 92' lang='lat' dir='ltr'><strong>non</strong></span> <span class='ocrx_word' id='word_1_300' title='bbox 651 4493 874 4580; x_wconf 85' lang='lat' dir='ltr'><strong>intelligebant</strong></span> <span class='ocrx_word' id='word_1_301' title='bbox 896 4492 1100 4563; x_wconf 88' lang='lat' dir='ltr'><strong>abstinebant</strong></span> <span class='ocrx_word' id='word_1_302' title='bbox 1118 4515 1262 4563; x_wconf 92' lang='lat' dir='ltr'><strong>manum.</strong></span> <span class='ocrx_word' id='word_1_303' title='bbox 1310 4493 1502 4571; x_wconf 82' lang='lat' dir='ltr'><strong>Genusboc</strong></span> 
     </span>
     <span class='ocr_line' id='line_1_38' title="bbox 307 4596 1509 4685; baseline 0.004 -21"><span class='ocrx_word' id='word_1_304' title='bbox 307 4597 462 4665; x_wconf 82' lang='lat' dir='ltr'><strong>uitiorum</strong></span> <span class='ocrx_word' id='word_1_305' title='bbox 485 4596 581 4684; x_wconf 87' lang='lat' dir='ltr'><strong>quale</strong></span> <span class='ocrx_word' id='word_1_306' title='bbox 615 4598 657 4665; x_wconf 91' lang='lat' dir='ltr'><strong>sit</strong></span> <span class='ocrx_word' id='word_1_307' title='bbox 680 4605 711 4665; x_wconf 89' lang='lat' dir='ltr'><strong>ot</strong></span> <span class='ocrx_word' id='word_1_308' title='bbox 735 4598 1005 4685; x_wconf 88' lang='lat' dir='ltr'><strong>quemadmodum</strong></span> <span class='ocrx_word' id='word_1_309' title='bbox 1038 4609 1148 4667; x_wconf 87' lang='lat' dir='ltr'><strong>vetera</strong></span> <span class='ocrx_word' id='word_1_310' title='bbox 1171 4599 1286 4667; x_wconf 90' lang='lat' dir='ltr'><strong>menda</strong></span> <span class='ocrx_word' id='word_1_311' title='bbox 1307 4599 1407 4666; x_wconf 89' lang='lat' dir='ltr'><strong>bonas</strong></span> <span class='ocrx_word' id='word_1_312' title='bbox 1434 4597 1509 4669; x_wconf 54' lang='lat' dir='ltr'><strong>lora</strong></span> 
     </span>
     <span class='ocr_line' id='line_1_39' title="bbox 308 4701 1498 4795; baseline -0.001 -25"><span class='ocrx_word' id='word_1_313' title='bbox 308 4722 378 4770; x_wconf 88' lang='lat' dir='ltr'><strong>mas</strong></span> <span class='ocrx_word' id='word_1_314' title='bbox 413 4701 453 4769; x_wconf 89' lang='lat' dir='ltr'><strong>ab</strong></span> <span class='ocrx_word' id='word_1_315' title='bbox 482 4702 619 4786; x_wconf 85' lang='lat' dir='ltr'><strong>interitu</strong></span> <span class='ocrx_word' id='word_1_316' title='bbox 648 4703 811 4773; x_wconf 84' lang='lat' dir='ltr'><strong>vindicare</strong></span> <span class='ocrx_word' id='word_1_317' title='bbox 843 4706 966 4792; x_wconf 89' lang='lat' dir='ltr'><strong>possint</strong></span> <span class='ocrx_word' id='word_1_318' title='bbox 994 4705 1112 4793; x_wconf 86' lang='lat' dir='ltr'><strong>insigni</strong></span> <span class='ocrx_word' id='word_1_319' title='bbox 1145 4705 1291 4795; x_wconf 75' lang='lat' dir='ltr'><strong>exemplo</strong></span> <span class='ocrx_word' id='word_1_320' title='bbox 1321 4703 1498 4777; x_wconf 87' lang='lat' dir='ltr'><strong>ostendam.</strong></span> 
     </span>
    </p>
   </div>
   <div class='ocr_carea' id='block_1_3' title="bbox 0 0 1660 5750">
    <p class='ocr_par' dir='ltr' id='par_1_4' title="bbox 0 0 1660 5750">
     <span class='ocr_line' id='line_1_40' title="bbox 0 0 1660 5750; baseline 0 3"><span class='ocrx_word' id='word_1_321' title='bbox 0 0 1660 5750; x_wconf 95' lang='lat' dir='ltr'><strong> </strong></span> 
     </span>
    </p>
   </div>
  </div>
 </body>
</html>
