3309 5750
733 658 799 729 285

173 852 248 924 dere
266 849 383 940 solent,
399 864 434 919 nt
454 853 481 920 sl
500 851 683 925 memineris
702 852 789 944 quod
809 853 931 924 malm
952 873 1018 944 qno
1032 851 1174 922 remedio
1187 865 1348 935 sanatum,

173 962 262 1052 quod
293 961 404 1030 vitium
431 982 494 1051 qua
524 959 646 1050 origiue
668 972 781 1031 nutum
802 960 919 1040 luerit,
942 973 1053 1052 parata
1076 960 1117 1029 sit
1137 973 1223 1029 certe
1242 960 1348 1028 medi·

172 1068 261 1149 eiua,
294 1068 320 1133 si
350 1067 478 1157 quondo
507 1066 539 1132 in
567 1066 654 1136 idem
678 1068 789 1136 vitium
818 1066 978 1136 incideris.
1026 1066 1161 1157 Insignis
1185 1091 1278 1158 saepe
1298 1079 1359 1134 est-

173 1183 206 1240 et
230 1171 365 1242 mirifica
384 1196 527 1242 errorum
548 1176 725 1241 constantia
747 1186 779 1241 et
798 1173 949 1265 analogia
968 1175 1143 1266 peccandi,
1173 1198 1268 1266 quam
1289 1174 1348 1265 qni

174 1278 271 1368 longo
304 1303 364 1347 usu
395 1305 432 1347 er
463 1281 573 1348 multis
602 1281 755 1373 exemplis
781 1279 878 1348 habet
905 1291 1105 1372 perspectam
1133 1292 1233 1346 certas
1254 1301 1347 1369 saepe

172 1385 412 1453 emendationes
438 1411 475 1453 ex
504 1387 683 1479 depravatis
712 1387 877 1477 seripturis
906 1386 999 1452 nullo
1033 1384 1156 1476 negotis
1180 1386 1287 1452 eliciet
1315 1396 1348 1449 et

173 1492 285 1560 eudem
315 1515 410 1581 opera
438 1494 629 1559 infirmiores
653 1506 685 1560 et
705 1493 913 1583 meticulosos
937 1490 1119 1583 philologos
1142 1490 1347 1557 eonfirmabit

174 1599 426 1689 serupulnmqne
455 1600 590 1679 eximet,
623 1623 664 1666 ne
695 1600 773 1691 quid
801 1611 913 1666 eontra
935 1599 1092 1665 librorum
1114 1598 1210 1664 fidem
1231 1598 1346 1663 incon·

173 1704 286 1774 sultins
305 1718 487 1785 moveatur,
510 1728 648 1795 namque
670 1706 760 1771 libris
780 1706 856 1797 ipsis
876 1704 1060 1776 auctoribus
1080 1703 1160 1770 haee
1179 1702 1347 1769 emendata

174 1835 241 1878 esse
268 1812 462 1879 fatebuntur.
510 1812 591 1880 Dedi
620 1813 684 1879 iam
713 1812 828 1903 passim
856 1810 951 1877 huius
978 1812 1026 1882 rei
1051 1811 1244 1902 specimina,
1275 1807 1349 1899 qui·

172 1918 232 1983 bus
250 1940 352 2009 panon
369 1918 525 2009 quaedam
546 1917 709 1995 adiiciam,
728 1940 803 1983 usus
823 1917 1017 1983 lectionibus
1038 1915 1187 1981 codicum
1205 1914 1350 1980 Lucum

173 2023 214 2090 ed
230 2024 396 2090 eximenda
408 2025 483 2090 vitia
500 2037 555 2091 aut
570 2024 666 2117 plene
677 2024 805 2103 eedem,
816 2036 872 2089 aut
883 2046 986 2115 paene
997 2023 1131 2113 gemella
1140 2072 1149 2103 ,
1164 2021 1349 2088 exaliorum

172 2130 316 2220 seriptis,
339 2132 372 2195 in
399 2132 517 2220 quibus
537 2132 603 2197 sola
624 2131 738 2198 vitiosa
761 2131 858 2196 leotio
878 2130 1033 2222 supersit,
1058 2151 1158 2222 quum
1178 2130 1211 2193 in
1232 2128 1351 2194 Lucia·

173 2235 242 2300 neis
260 2245 293 2300 et
310 2236 433 2320 noticia
452 2235 539 2301 labes
556 2249 588 2302 et
606 2248 698 2302 vetus
717 2260 789 2303 vera
807 2236 904 2301 lectio
921 2258 984 2302 nna
1001 2235 1041 2301 ad
1061 2259 1119 2301 nos
1137 2232 1351 2326 pervenerint.

175 2338 215 2405 ln
238 2340 388 2406 Lucieno
409 2340 526 2431 legitur
546 2346 587 2420 2,
616 2345 642 2407 1.
662 2339 809 2423 βόρβορός
833 2364 881 2412 τις
905 2340 993 2420 παρά
1016 2339 1138 2423 μικρόν,
1168 2363 1241 2430 pare
1260 2337 1351 2404 eodi-

173 2470 249 2514 cum
270 2447 433 2528 βάρβαρός
457 2471 522 2520 aaa:
547 2446 659 2513 eedem
680 2446 813 2512 varietas
833 2457 880 2511 est
902 2445 934 2510 in
953 2445 992 2509 V
989 2450 1080 2535 espis
1099 2470 1145 2513 vs.
1159 2450 1233 2512 259.
1252 2444 1350 2511 Com·

174 2576 260 2645 pone
287 2574 361 2617 eum
384 2551 434 2617 his
454 2550 671 2644 fragmentum
697 2550 883 2619 Sueuocnts
903 2549 988 2642 opud
1013 2551 1195 2617 Pennucnn
1217 2548 1274 2617 IX.
1298 2552 1352 2617 49.

397 2661 486 2734 ςενίρν
510 2661 536 2725 δ’
561 2660 671 2737 ἔδομεν
694 2657 821 2739 ψαλίδα
845 2660 919 2724 κούκ
943 2654 1140 2739 ἀβάρβαρον.

173 2777 206 2830 et
233 2764 340 2831 statim
367 2765 527 2855 intelliges
557 2773 673 2856 poetae
692 2762 864 2845 ἀβόρβορον
884 2784 952 2827 esse
974 2760 1184 2828 reddendum.
1231 2759 1269 2826 lu
1287 2759 1350 2825 'Ti-

172 2894 265 2937 mone
299 2878 334 2949 5,
369 2875 420 2937 52.
449 2875 481 2936 οὐ
514 2870 653 2954 καόαρῶς
684 2868 840 2950 ἐλεύθερος
867 2870 928 2934 οὐδ’
952 2868 1028 2941 ἀςός
1050 2868 1104 2949 ὤν,
1128 2868 1161 2934 ἰιι
1182 2868 1351 2935 Parisino

172 2975 284 3042 eodiee
305 2977 465 3050 asteriolo
485 3000 545 3068 pro
563 2974 661 3055 ἀςός·,
686 2997 790 3066 eaque
811 2975 993 3066 saepissime
1014 2975 1268 3043 confunduntur.
1312 2975 1351 3040 ln

175 3082 414 3162 Oeconomicus,
433 3104 515 3173 qnae
535 3082 619 3147 inter
635 3081 734 3148 libros
755 3080 974 3147 Amsromars
990 3082 1268 3163 circumferuntur,
1282 3103 1352 3172 cap.

173 3209 218 3257 lv.
244 3189 379 3279 pessime
407 3187 556 3277 vulgatur
584 3187 628 3264 nir
653 3182 731 3251 εἶναι
753 3186 885 3262 πολίτην
906 3185 937 3259 ὃς
963 3183 1001 3252 ἀν
1021 3189 1066 3266 μὴ
1087 3189 1123 3267 ἐξ
1141 3190 1264 3254 αὐτῶν
1286 3190 1351 3265 ἀμ-

172 3293 309 3377 φοτέρων
330 3290 346 3374 ᾗ
362 3314 419 3381 pro
438 3295 530 3360 ἀςῶν.
567 3290 795 3381 Turpissimum
818 3291 906 3380 qnod
924 3293 957 3356 in
974 3290 1036 3357 hoo
1052 3315 1166 3380 genere
1182 3292 1248 3357 ridi
1263 3290 1350 3381 apud

173 3394 1349 3486 SruuauuuestinEclog.Pnys.l.38.infragmentoMoscuromsvs27.

397 3499 478 3576 αὕτη
502 3503 529 3566 δ’
552 3502 771 3581 ἐπνρρώπκντο
796 3502 849 3567 καὶ
874 3511 1073 3583 περισκεπεῖς

398 3605 529 3684 ἔτευξαν
552 3603 661 3678 oleove.

172 3734 231 3804 pro
245 3709 308 3788 ἀςκ
326 3712 351 3777 δ’
367 3708 552 3793 ἔπόργωσάι
567 3735 619 3784 πε,
638 3709 725 3800 quod
739 3709 1017 3776 tractassemus
1033 3709 1226 3780 emendavit.
1252 3710 1347 3797 Quod

173 3820 360 3885 Beununue
378 3817 411 3881 in
431 3815 562 3906 praefat.
584 3814 623 3881 ad
646 3815 765 3881 Enete.
785 3814 900 3906 sphrg.
921 3820 957 3879 in
981 3815 1082 3882 Your.
1103 3840 1136 3907 p.
1157 3821 1187 3883 9.
1209 3819 1348 3908 corrige·

173 3923 230 3990 bat
249 3925 293 4000 μή
315 3945 361 3987 σοι
381 3921 526 4001 τύραννος
545 3921 690 4002 λαμπρός
712 3920 747 3999 ἐξ
767 3922 852 3990 oleari
864 3927 971 4006 φανῇ,
990 3945 1050 4012 pro
1070 3922 1106 4000 ἐξ
1128 3925 1236 4000 αὐτοῦ,
1254 3947 1350 4015 prae·

171 4029 315 4118 ripoerat
336 4019 488 4089 Preason.
507 4024 539 4090 in
562 4025 725 4113 Verisim.
745 4050 778 4116 p.
799 4029 852 4092 37.
903 4026 995 4118 Apud
1020 4029 1207 4097 Dronrsruu
1227 4030 1346 4098 Homo.

171 4134 211 4201 X.
234 4136 262 4198 l.
286 4132 401 4199 τούτων
427 4132 458 4196 δὲ
484 4133 555 4220 (τῶν
576 4133 716 4208 δικαίων,
741 4136 845 4224 iaris)
865 4134 909 4203 πά
931 4137 989 4214 μὲν
1012 4138 1119 4203 πολλοὶ
1141 4145 1206 4210 τοῖς
1225 4140 1347 4222 ἐπιπρό-

172 4265 241 4313 ποις
264 4244 323 4304 τῶν
346 4235 506 4319 ἀρχόντων
528 4238 681 4318 ἀριςίνδκν
704 4240 957 4318 ἐπιδεικνυμένων
980 4243 1135 4309 ἀκόλουόκ
1158 4240 1193 4319 ἦν
1214 4243 1264 4309 ἐπὶ
1287 4245 1346 4317 πάς

171 4343 295 4426 ἀρχάς,
324 4344 434 4425 κομιδῇ
464 4341 496 4408 δὲ
523 4340 621 4421 talea
646 4343 718 4408 roe
744 4345 775 4408 ἐν
798 4345 926 4424 βόβλοις
950 4348 1047 4428 ἱεραῖς
1072 4344 1106 4423 ἦν
1131 4351 1345 4429 ἀποκείμενα,

171 4449 194 4518 ἃ
215 4450 311 4529 νόμον
334 4444 405 4528 εἶχε
426 4448 574 4527 δύναμιν,
601 4442 640 4511 ὧν
658 4448 684 4513 οἱ
704 4449 859 4530 πατρίκιοι
878 4449 934 4523 τὴν
955 4457 1067 4528 γνῶσιν
1086 4449 1174 4535 εἶχον
1192 4455 1275 4535 μόνοι
1296 4454 1347 4519 ent

172 4554 406 4634 recalesceret
432 4550 610 4634 διαπριβάς.
647 4552 769 4644 optime
789 4555 981 4624 Vaticanus
1011 4558 1042 4621 ἕν
1070 4556 1159 4634 ἀςει,
1183 4570 1348 4650 praeterea

173 4654 310 4727 emenda
338 4663 404 4728 τοῖς
424 4655 546 4737 τρόποις
575 4680 635 4747 pro
661 4658 837 4741 ἐπιτρόποις
865 4672 897 4729 et
914 4661 1178 4743 ἀποδεικνυμένων
1200 4685 1260 4771 pro
1281 4665 1348 4728 ἑπι-

173 4759 375 4842 δεικνυμόνων
394 4773 427 4828 et
447 4783 590 4851 expungo
608 4754 769 4831 emblema
789 4764 841 4832 ἐπὶ
867 4765 927 4838 τὰς
946 4764 1064 4848 ἀρχάς.

1107 4881 1136 4924 ιι
1149 4873 1165 4905 *
