3309 5750
864 623 930 687 234

316 822 382 900 dit,
405 820 494 885 utin
511 817 583 884 τθτε
603 819 638 894 rt
662 826 689 885 ¹.
735 813 912 882 Confirmat
940 811 1024 878 hanc
1048 810 1305 881 observationem
1325 824 1360 879 et
1388 831 1495 883 veram

317 951 384 994 esse
412 924 608 991 demonstrat
637 920 726 1013 quod
752 923 839 997 νυιθθ
859 943 925 988 uon
944 918 1105 986 dirimitur
1124 919 1311 1009 interposita
1333 920 1495 1009 particula

315 1046 348 1099 et
366 1031 484 1096 dicitnr
504 1031 591 1103 νννδθρ
612 1030 688 1107 μέν,
713 1049 780 1092 non
798 1030 849 1091 νῦν
870 1027 927 1104 μὲν
949 1026 1002 1101 δή,
1029 1023 1116 1113 qnod
1135 1024 1238 1089 sicubi
1257 1025 1383 1114 legitur
1405 1027 1492 1093 ride·

315 1138 364 1204 bis
394 1137 434 1202 ad
464 1142 515 1201 νῦν
535 1136 570 1209 δή
601 1132 805 1198 referendum
833 1142 865 1195 et
891 1153 964 1195 cnm
983 1131 1142 1219 praesenti
1165 1142 1306 1219 tempore
1328 1144 1362 1203 et
1384 1132 1491 1200 futuro

318 1241 486 1330 coniungi,
516 1238 600 1304 unde
620 1238 757 1303 discerni
777 1247 910 1326 possunt
928 1258 1012 1325 qnae
1030 1235 1071 1299 de
1091 1240 1142 1300 νῦν
1163 1236 1197 1310 δή
1218 1236 1448 1305 Runrtmtlus
1466 1251 1495 1305 et

318 1349 374 1428 alii
392 1348 606 1436 collegerunt,
624 1356 657 1409 et
675 1343 798 1410 restitui
820 1343 907 1418 νυνδή
925 1342 952 1405 si
973 1340 1101 1431 qnando
1116 1340 1227 1429 periit,
1244 1354 1278 1406 ut
1299 1344 1334 1407 in
1345 1344 1494 1412 Nubibus

315 1477 359 1520 rs.
382 1456 457 1517 825.
482 1450 605 1527 ὤμοσας
630 1450 716 1523 νυνδὴ
741 1447 823 1526 Διά,
858 1446 916 1512 ubi
944 1442 1058 1537 optimi
1079 1445 1213 1511 Codices
1237 1453 1288 1513 νῦν
1316 1449 1371 1513 ete
1393 1461 1428 1514 et
1446 1456 1493 1515 νῦν

316 1561 350 1636 νὴ
371 1558 423 1623 δία
444 1553 615 1629 exhibent,
638 1552 722 1617 etin
748 1552 982 1643 Thesmophor.
1006 1557 1137 1619 rs.93⁴l.
1162 1554 1195 1627 rb
1217 1553 1269 1616 Δί’
1292 1555 1333 1625 ὡς
1356 1559 1412 1619 νῦν
1432 1556 1494 1630 θῆτ’

317 1664 391 1743 ἀνὴρ
416 1661 550 1736 Ὀλίγον
571 1660 607 1735 μ’
629 1656 777 1738 ἀφείλετ’
802 1657 897 1721 αὐτὸν
920 1658 1114 1739 ι’ςιορροὶφος,
1137 1656 1169 1722 in
1191 1663 1492 1725 NTNAHTANHP

317 1768 419 1836 inerat
449 1763 536 1835 νυνδή
560 1764 592 1839 ρ’
615 1761 700 1840 οὶνθρ.
750 1759 900 1826 Prrrolr
927 1759 1025 1825 redde
1050 1760 1084 1823 in
1102 1760 1298 1849 Protagora
1322 1786 1356 1851 p.
1380 1767 1447 1830 339
1466 1783 1493 1830 ι,

318 1869 387 1950 περὶ
406 1865 497 1947 οὗπερ
516 1867 576 1944 ἐγώ
594 1890 629 1930 τε
651 1865 703 1929 καὶ
717 1864 755 1928 σὺ
777 1867 864 1939 νυνδὴ
882 1866 1088 1944 διελεγόμεθα
1109 1889 1170 1954 pro
1192 1872 1242 1930 νῦν
1262 1867 1493 1949 διαλεγόμεθα,

318 1986 350 2039 et
372 1973 588 2037 ltmosrarm
606 1971 647 2035 de
664 1969 764 2035 Fals.
784 1969 900 2059 Legat.
920 1994 953 2060 p.
973 1975 1057 2049 361,
1076 1967 1202 2034 20.-·θ’τε
1226 1969 1289 2051 γαρ
1315 1974 1404 2047 νυνδὴ
1423 1974 1494 2037 ἕπο-

317 2078 468 2161 ρευθροεθα
490 2078 532 2147 εἰς
551 2076 717 2155 Δελφούς,
737 2098 798 2165 pro
817 2081 868 2140 νῦν
890 2076 1107 2157 ἐπορευόμεθα.
1139 2074 1251 2139 Dicam
1273 2097 1363 2139 nnnc
1386 2100 1496 2167 quam-

270 2207 279 2226 ·
319 2184 428 2248 obrem
459 2180 540 2244 haec
569 2178 794 2267 praemiserim.
842 2177 881 2244 ln
910 2181 1024 2245 nostris
1053 2178 1226 2246 codicibus
1245 2191 1278 2244 et
1300 2181 1494 2247 editionibus

319 2289 484 2354 Pbrronts
516 2284 663 2349 omnibus
691 2284 733 2348 ita
755 2283 917 2349 scribitur:
943 2285 960 2360 ἢ
988 2290 1039 2349 νῦν
1064 2286 1100 2359 tl
1122 2287 1179 2363 μὲν
1202 2285 1337 2363 ὀλίγον
1361 2287 1492 2369 ἔμπρο-

318 2396 402 2458 σθεν
435 2391 553 2461 τούτοις
583 2388 805 2470 περιτυχόντες
835 2399 900 2462 τοῖς
929 2388 1034 2466 λόγοις
1062 2390 1128 2455 κτὲ.
1164 2388 1312 2453 vidistine
1342 2412 1494 2482 umquam

317 2511 383 2565 tam
411 2496 617 2562 manifestum
638 2495 799 2561 emblema
819 2507 851 2560 ct
872 2507 935 2560 tam
957 2494 1139 2559 insulsum?
1188 2494 1277 2559 vidit
1297 2496 1448 2562 Brnnrn
1467 2508 1496 2563 et

317 2604 448 2696 erpulit.
496 2602 586 2667 Dabo
616 2601 702 2691 quod
733 2603 827 2666 etiam
858 2601 949 2691 peius
980 2612 1037 2666 est.
1082 2598 1120 2665 ln
1149 2600 1220 2691 ipso
1251 2600 1404 2683 Scholio,
1433 2627 1496 2693 quo

318 2711 405 2785 νυνδή
427 2706 620 2800 explicatur,
645 2705 729 2795 apud
752 2706 908 2772 Pnorrou
926 2718 958 2771 et
977 2706 1111 2785 Suluru
1131 2709 1176 2772 sic
1196 2707 1328 2797 legitur:
1352 2715 1421 2773 Νῦν
1444 2711 1495 2786 rt:

318 2814 430 2896 ἀρτίοις
463 2812 480 2889 ἢ
508 2812 615 2892 μικρὸν
639 2810 819 2891 ἔμπροσθεν.
853 2810 980 2889 Νόμοις.
1012 2812 1029 2889 ἢ
1057 2816 1107 2876 νῦν
1137 2812 1172 2886 tt
1195 2814 1252 2890 μὲν
1275 2813 1413 2892 ὀλίγον
1437 2812 1496 2893 ἔμ-

316 2908 475 3001 προσθεν
500 2918 619 2988 τούτοις
645 2915 867 2996 περιτυχόντες
893 2923 958 2987 τοῖς
984 2915 1091 2995 λόγοις
1115 2916 1192 2981 οὕτω
1220 2920 1313 2981 ταῦτ’
1333 2919 1494 2997 ἐτίθεμεν,

316 3028 367 3088 νῦν
391 3024 417 3087 δ’
440 3021 687 3098 ἐπιλελήσμεθα.
737 3020 810 3086 Νοιι
833 3019 897 3085 ridi
917 3020 1027 3109 magis.
1077 3019 1138 3104 Qui
1162 3019 1241 3086 baec
1264 3044 1371 3111 aequo
1387 3024 1495 3110 auimo

319 3127 403 3193 ferre
418 3135 593 3215 potuerunt
609 3147 703 3191 nemo
718 3126 888 3206 mirabitur
900 3128 1007 3192 omnia
1023 3151 1115 3218 posse
1128 3150 1341 3217 concoquere.
1366 3126 1496 3210 Quanto

319 3253 414 3323 opere
445 3243 551 3297 autem
580 3231 750 3303 sciolorum
783 3245 816 3298 et
844 3232 999 3298 lectorum
1029 3245 1062 3298 et
1088 3233 1342 3322 magistellorum
1368 3233 1495 3300 addita·

319 3349 429 3404 menta
450 3335 621 3426 deturpent
640 3340 847 3430 antiquorum
867 3338 984 3429 scripta
1005 3350 1036 3405 et
1056 3339 1082 3404 si
1107 3339 1163 3428 qui
1183 3339 1237 3405 alii
1257 3339 1386 3405 libriin
1407 3340 1494 3405 mul-

322 3457 427 3511 torum
443 3443 590 3511 manibus
609 3457 715 3524 erant,
726 3444 900 3531 ‚ostendam
915 3445 1055 3535 primum
1071 3445 1105 3510 in
1122 3444 1272 3511 Lucrino
1290 3445 1498 3535 propediem,

323 3563 356 3617 et
387 3552 419 3617 in
441 3551 564 3640 optimo
587 3572 717 3640 quoqne
740 3563 904 3637 veterum,
938 3550 994 3615 ubi
1021 3550 1060 3615 ad
1081 3549 1211 3615 illorum
1237 3549 1498 3617 emendationem

325 3655 442 3722 deinde
463 3678 640 3721 accessero:
666 3678 752 3722 nunc
771 3657 812 3721 ad
823 3656 1011 3728 ‚Luctantur
1031 3656 1187 3745 redeundi
1208 3668 1333 3747 tempus
1352 3669 1414 3723 est.

325 3842 328 3848 Ι
369 3762 409 3828 ln
438 3763 597 3850 dialogis
619 3762 833 3845 Morluorum
851 3766 917 3843 10,
944 3766 1004 3840 14,
1028 3769 1059 3828 5.
1089 3761 1222 3826 barbara
1249 3763 1353 3828 forma
1372 3775 1502 3854 recepta

322 3879 372 3939 ¹est
392 3865 584 3931 καθαλέσθαι
606 3887 664 3954 pro
684 3864 895 3935 καθθλαοθαι.
938 3864 976 3930 In
999 3865 1133 3955 Dialogo
1153 3865 1239 3932 XIX.
1259 3869 1329 3951 §.2.
1347 3870 1423 3950 aspi
1446 3876 1500 3936 τοῦ

324 3970 431 4057 ἔρωτος
458 3969 527 4057 lege
549 3970 622 4049 ὑπέρ
645 3981 677 4035 et
697 3971 733 4050 σὲ
755 3970 849 4055 αὐτόν
872 3995 931 4059 pro
952 3973 1094 4040 σεαυτόν.
1115 3972 1231 4040 XXIV.
1253 3979 1284 4040 3.
1306 3972 1412 4057 τοθΦον
1438 3977 1500 4056 ε’ρεΐ

324 4071 497 4152 ἰνιοθχει,
532 4084 602 4137 tum
628 4072 730 4139 scribe
750 4075 834 4141 οὐδὲν
859 4075 970 4156 ἔμελεν
994 4081 1078 4162 αὐτῷ
1102 4104 1180 4250 prob
1184 4081 1262 4146 οὐδέ.
1284 4079 1347 4146 hoc
1371 4102 1501 4199 quoque

325 4176 523 4244 tralaticium
543 4177 656 4243 vitium
675 4193 739 4244 est:
763 4179 925 4253 interdum
946 4183 1029 4248 οὐδέν
1050 4207 1109 4274 pro
1129 4187 1180 4250 οὐδ
1182 4185 1195 4249 ε’
1216 4184 1360 4274 irrepsit,
1385 4185 1503 4276 saepis·

327 4284 405 4349 sime
434 4282 500 4347 ονε
530 4305 590 4372 pro
612 4284 711 4368 οὐδέν,
736 4285 826 4352 cuins
848 4288 894 4354 rei
914 4290 1058 4379 exempla
1078 4290 1137 4356 sibi
1160 4290 1297 4401 quisque
1316 4302 1397 4381 quot
1418 4291 1502 4356 rolet

327 4371 516 4478 colliget.
527 4386 567 4453 In
596 4335 805 4460 Parrlnmrs
833 4394 933 4484 Epist.
962 4398 992 4460 8.
1022 4418 1081 4486 pro
1110 4389 1199 4478 λόγῳ
1221 4397 1253 4462 δὲ
1282 4398 1368 4462 οὐδὲν
1396 4396 1500 4474 οιομαι

321 4555 565 4580 'mnu-qq·-

321 4661 335 4673 ”
360 4642 381 4710 't
398 4642 491 4694 nasa..
507 4642 569 4693 orm
595 4643 720 4708 madent.
747 4643 792 4710 qa
817 4643 905 4712 τύνη
927 4646 1085 4698 umanum
1104 4661 1161 4701 eae
1174 4651 1360 4715 paxami.
1383 4647 1497 4713 smne,

319 4726 436 4794 Agim,
456 4724 836 4792 dntade,·stis„2ma0„m
853 4728 940 4795 λνιθὴ
956 4728 1129 4795 Μία-ιω,-
1199 4762 1203 4767 .
1229 4739 1231 4745 ·
1251 4737 1254 4742 ·
1275 4762 1278 4766 ,
