<?xml version="1.0" encoding="UTF-8"?>
<!DOCTYPE html PUBLIC "-//W3C//DTD XHTML 1.0 Transitional//EN"
    "http://www.w3.org/TR/xhtml1/DTD/xhtml1-transitional.dtd">
<html xmlns="http://www.w3.org/1999/xhtml" xml:lang="en" lang="en">
 <head>
  <title>
</title>
<meta http-equiv="Content-Type" content="text/html;charset=utf-8" />
  <meta name='ocr-system' content='tesseract 3.04.00' />
  <meta name='ocr-capabilities' content='ocr_page ocr_carea ocr_par ocr_line ocrx_word'/>
</head>
<body>
  <div class='ocr_page' id='page_1' title='image "./variaelectiones01cobegoog_0066.png"; bbox 0 0 3309 5750; ppageno 0'>
   <div class='ocr_carea' id='block_1_1' title="bbox 882 600 923 668">
    <p class='ocr_par' dir='ltr' id='par_1_1' title="bbox 882 600 923 668">
     <span class='ocr_line' id='line_1_1' title="bbox 882 600 923 668; baseline 0.171 -7"><span class='ocrx_word' id='word_1_1' title='bbox 882 600 923 668; x_wconf 80' lang='grc'>57</span> 
     </span>
    </p>
   </div>
   <div class='ocr_carea' id='block_1_2' title="bbox 293 770 1489 4649">
    <p class='ocr_par' dir='ltr' id='par_1_2' title="bbox 476 770 1135 854">
     <span class='ocr_line' id='line_1_2' title="bbox 476 770 1135 854; baseline 0.003 -17"><span class='ocrx_word' id='word_1_2' title='bbox 476 772 563 847; x_wconf 82' lang='grc' dir='ltr'>οοῖοοῖ,</span> <span class='ocrx_word' id='word_1_3' title='bbox 588 770 650 837; x_wconf 78' lang='grc' dir='ltr'><strong><em>τοδ’</em></strong></span> <span class='ocrx_word' id='word_1_4' title='bbox 675 772 730 849; x_wconf 76' lang='grc' dir='ltr'>ἤδη</span> <span class='ocrx_word' id='word_1_5' title='bbox 755 774 830 839; x_wconf 82' lang='grc' dir='ltr'><em>θεῖον</em></span> <span class='ocrx_word' id='word_1_6' title='bbox 853 773 1016 854; x_wconf 66' lang='grc' dir='ltr'><strong><em>ἀνθρώποις</em></strong></span> <span class='ocrx_word' id='word_1_7' title='bbox 1041 773 1135 839; x_wconf 84' lang='grc' dir='ltr'><strong><em>κοικόν</em></strong></span> 
     </span>
    </p>

    <p class='ocr_par' dir='ltr' id='par_1_3' title="bbox 293 874 1486 1366">
     <span class='ocr_line' id='line_1_3' title="bbox 472 874 1142 962; baseline 0.001 -20"><span class='ocrx_word' id='word_1_8' title='bbox 472 874 547 943; x_wconf 73' lang='grc' dir='ltr'><strong><em>δ’τοιν</em></strong></span> <span class='ocrx_word' id='word_1_9' title='bbox 570 901 618 950; x_wconf 81' lang='grc' dir='ltr'>τις</span> <span class='ocrx_word' id='word_1_10' title='bbox 642 877 705 962; x_wconf 70' lang='grc' dir='ltr'>εἰδῇ</span> <span class='ocrx_word' id='word_1_11' title='bbox 728 878 891 957; x_wconf 64' lang='lat' dir='ltr'>repectu,</span> <span class='ocrx_word' id='word_1_12' title='bbox 913 878 1008 961; x_wconf 75' lang='grc' dir='ltr'><strong><em>δροῖοη</em></strong></span> <span class='ocrx_word' id='word_1_13' title='bbox 1030 879 1063 945; x_wconf 78' lang='grc' dir='ltr'>δὲ</span> <span class='ocrx_word' id='word_1_14' title='bbox 1086 879 1142 958; x_wconf 74' lang='grc' dir='ltr'>μή.</span> 
     </span>
     <span class='ocr_line' id='line_1_4' title="bbox 294 974 1483 1071; baseline 0.003 -22"><span class='ocrx_word' id='word_1_15' title='bbox 294 980 334 1050; x_wconf 88' lang='lat' dir='ltr'>de</span> <span class='ocrx_word' id='word_1_16' title='bbox 353 1001 417 1071; x_wconf 87' lang='lat' dir='ltr'>quo</span> <span class='ocrx_word' id='word_1_17' title='bbox 433 974 512 1049; x_wconf 59' lang='lat' dir='ltr'>‘vide</span> <span class='ocrx_word' id='word_1_18' title='bbox 536 980 689 1051; x_wconf 69' lang='lat' dir='ltr'>Vererer.</span> <span class='ocrx_word' id='word_1_19' title='bbox 716 982 816 1049; x_wconf 75' lang='lat' dir='ltr'>Dicte.</span> <span class='ocrx_word' id='word_1_20' title='bbox 842 1004 874 1070; x_wconf 88' lang='lat' dir='ltr'>p.</span> <span class='ocrx_word' id='word_1_21' title='bbox 895 988 954 1050; x_wconf 71' lang='lat'>22:</span> <span class='ocrx_word' id='word_1_22' title='bbox 979 984 1061 1071; x_wconf 85' lang='lat' dir='ltr'>quod</span> <span class='ocrx_word' id='word_1_23' title='bbox 1081 992 1199 1050; x_wconf 85' lang='lat' dir='ltr'>rectum</span> <span class='ocrx_word' id='word_1_24' title='bbox 1222 992 1268 1048; x_wconf 83' lang='lat' dir='ltr'>cst</span> <span class='ocrx_word' id='word_1_25' title='bbox 1289 982 1377 1052; x_wconf 87' lang='lat' dir='ltr'>vides</span> <span class='ocrx_word' id='word_1_26' title='bbox 1396 979 1483 1053; x_wconf 89' lang='lat' dir='ltr'>dici:</span> 
     </span>
     <span class='ocr_line' id='line_1_5' title="bbox 293 1086 1486 1174; baseline 0.002 -18"><span class='ocrx_word' id='word_1_27' title='bbox 293 1097 326 1156; x_wconf 87' lang='lat' dir='ltr'>at</span> <span class='ocrx_word' id='word_1_28' title='bbox 350 1108 414 1154; x_wconf 88' lang='lat' dir='ltr'>uun</span> <span class='ocrx_word' id='word_1_29' title='bbox 437 1086 497 1153; x_wconf 88' lang='lat' dir='ltr'>hcc</span> <span class='ocrx_word' id='word_1_30' title='bbox 520 1087 599 1153; x_wconf 89' lang='lat' dir='ltr'>dicit</span> <span class='ocrx_word' id='word_1_31' title='bbox 622 1087 809 1167; x_wconf 80' lang='lat' dir='ltr'>Summum,</span> <span class='ocrx_word' id='word_1_32' title='bbox 835 1087 913 1155; x_wconf 80' lang='lat' dir='ltr'>bonu</span> <span class='ocrx_word' id='word_1_33' title='bbox 936 1109 995 1155; x_wconf 91' lang='lat' dir='ltr'>sua</span> <span class='ocrx_word' id='word_1_34' title='bbox 1018 1096 1114 1174; x_wconf 84' lang='lat' dir='ltr'>negat</span> <span class='ocrx_word' id='word_1_35' title='bbox 1138 1106 1231 1155; x_wconf 83' lang='lat' dir='ltr'>nosse</span> <span class='ocrx_word' id='word_1_36' title='bbox 1255 1088 1371 1158; x_wconf 87' lang='lat' dir='ltr'>stultos</span> <span class='ocrx_word' id='word_1_37' title='bbox 1394 1098 1486 1158; x_wconf 90' lang='lat' dir='ltr'>autc·</span> 
     </span>
     <span class='ocr_line' id='line_1_6' title="bbox 293 1181 1485 1281; baseline 0.002 -21"><span class='ocrx_word' id='word_1_38' title='bbox 293 1213 391 1281; x_wconf 90' lang='lat' dir='ltr'>quam</span> <span class='ocrx_word' id='word_1_39' title='bbox 411 1193 580 1260; x_wconf 88' lang='lat' dir='ltr'>amiserint</span> <span class='ocrx_word' id='word_1_40' title='bbox 599 1200 632 1260; x_wconf 91' lang='lat' dir='ltr'>et</span> <span class='ocrx_word' id='word_1_41' title='bbox 651 1192 782 1271; x_wconf 75' lang='grc' dir='ltr'><strong><em>τοὶνονιοῖ</em></strong></span> <span class='ocrx_word' id='word_1_42' title='bbox 803 1192 938 1260; x_wconf 89' lang='lat' dir='ltr'>debebat</span> <span class='ocrx_word' id='word_1_43' title='bbox 961 1192 1079 1260; x_wconf 78' lang='lat' dir='ltr'><strong>dicere.</strong></span> <span class='ocrx_word' id='word_1_44' title='bbox 1115 1192 1189 1261; x_wconf 88' lang='lat' dir='ltr'>Oet</span> <span class='ocrx_word' id='word_1_45' title='bbox 1211 1181 1387 1268; x_wconf 58' lang='lat' dir='ltr'>e&#39;coniusa</span> <span class='ocrx_word' id='word_1_46' title='bbox 1405 1194 1485 1262; x_wconf 88' lang='lat' dir='ltr'>olim</span> 
     </span>
     <span class='ocr_line' id='line_1_7' title="bbox 295 1297 700 1366; baseline -0.005 -1"><span class='ocrx_word' id='word_1_47' title='bbox 295 1305 371 1366; x_wconf 91' lang='lat' dir='ltr'>sunt</span> <span class='ocrx_word' id='word_1_48' title='bbox 394 1307 426 1365; x_wconf 90' lang='lat' dir='ltr'>ct</span> <span class='ocrx_word' id='word_1_49' title='bbox 445 1297 700 1365; x_wconf 86' lang='lat' dir='ltr'>emendandum:</span> 
     </span>
    </p>

    <p class='ocr_par' dir='ltr' id='par_1_4' title="bbox 294 1401 1489 1909">
     <span class='ocr_line' id='line_1_8' title="bbox 477 1401 1197 1495; baseline 0.001 -26"><span class='ocrx_word' id='word_1_50' title='bbox 477 1401 622 1483; x_wconf 68' lang='grc' dir='ltr'><em>τάγάθ’</em></span> <span class='ocrx_word' id='word_1_51' title='bbox 646 1404 678 1468; x_wconf 79' lang='grc' dir='ltr'>ἐν</span> <span class='ocrx_word' id='word_1_52' title='bbox 700 1411 804 1486; x_wconf 79' lang='grc' dir='ltr'><em>χεροῖν</em></span> <span class='ocrx_word' id='word_1_53' title='bbox 825 1404 832 1495; x_wconf 81' lang='grc' dir='ltr'>Ι</span> <span class='ocrx_word' id='word_1_54' title='bbox 851 1403 978 1487; x_wconf 74' lang='grc' dir='ltr'><strong><em>ἔχοντες</em></strong></span> <span class='ocrx_word' id='word_1_55' title='bbox 1002 1408 1055 1472; x_wconf 81' lang='grc' dir='ltr'>οὐκ</span> <span class='ocrx_word' id='word_1_56' title='bbox 1079 1402 1197 1470; x_wconf 85' lang='grc' dir='ltr'><strong><em>ῖοοιοι.</em></strong></span> 
     </span>
     <span class='ocr_line' id='line_1_9' title="bbox 294 1506 1485 1599; baseline -0.002 -23"><span class='ocrx_word' id='word_1_57' title='bbox 294 1509 332 1599; x_wconf 80' lang='lat' dir='ltr'>tp</span> <span class='ocrx_word' id='word_1_58' title='bbox 351 1508 471 1576; x_wconf 89' lang='lat' dir='ltr'>vicinia</span> <span class='ocrx_word' id='word_1_59' title='bbox 503 1528 533 1594; x_wconf 90' lang='lat' dir='ltr'>p.</span> <span class='ocrx_word' id='word_1_60' title='bbox 556 1512 640 1584; x_wconf 68' lang='lat'><strong>726,</strong></span> <span class='ocrx_word' id='word_1_61' title='bbox 669 1513 710 1573; x_wconf 78' lang='lat' dir='ltr'>la</span> <span class='ocrx_word' id='word_1_62' title='bbox 744 1528 806 1575; x_wconf 88' lang='lat' dir='ltr'>una</span> <span class='ocrx_word' id='word_1_63' title='bbox 830 1508 974 1576; x_wconf 87' lang='lat' dir='ltr'>litterula</span> <span class='ocrx_word' id='word_1_64' title='bbox 997 1510 1117 1576; x_wconf 85' lang='lat' dir='ltr'>extrita</span> <span class='ocrx_word' id='word_1_65' title='bbox 1141 1506 1217 1575; x_wconf 87' lang='lat' dir='ltr'>iecit</span> <span class='ocrx_word' id='word_1_66' title='bbox 1240 1515 1276 1573; x_wconf 93' lang='lat' dir='ltr'>ut</span> <span class='ocrx_word' id='word_1_67' title='bbox 1297 1506 1485 1575; x_wconf 78' lang='lat' dir='ltr'>Amrmus</span> 
     </span>
     <span class='ocr_line' id='line_1_10' title="bbox 294 1612 1489 1702; baseline -0.002 -20"><span class='ocrx_word' id='word_1_68' title='bbox 294 1614 418 1682; x_wconf 89' lang='lat' dir='ltr'>dictum</span> <span class='ocrx_word' id='word_1_69' title='bbox 454 1633 551 1679; x_wconf 91' lang='lat' dir='ltr'>sensu</span> <span class='ocrx_word' id='word_1_70' title='bbox 575 1621 710 1679; x_wconf 84' lang='lat' dir='ltr'><strong>careret.</strong></span> <span class='ocrx_word' id='word_1_71' title='bbox 758 1612 845 1680; x_wconf 87' lang='lat' dir='ltr'>Dicit</span> <span class='ocrx_word' id='word_1_72' title='bbox 869 1622 962 1702; x_wconf 81' lang='lat' dir='ltr'>poeta</span> <span class='ocrx_word' id='word_1_73' title='bbox 981 1615 1082 1682; x_wconf 86' lang='lat' dir='ltr'>solere</span> <span class='ocrx_word' id='word_1_74' title='bbox 1105 1634 1181 1691; x_wconf 88' lang='lat' dir='ltr'>eos,</span> <span class='ocrx_word' id='word_1_75' title='bbox 1205 1613 1262 1699; x_wconf 88' lang='lat' dir='ltr'>qui</span> <span class='ocrx_word' id='word_1_76' title='bbox 1285 1619 1372 1679; x_wconf 87' lang='lat' dir='ltr'>artes</span> <span class='ocrx_word' id='word_1_77' title='bbox 1395 1612 1489 1699; x_wconf 78' lang='lat' dir='ltr'>inge.</span> 
     </span>
     <span class='ocr_line' id='line_1_11' title="bbox 297 1715 736 1802; baseline -0.011 -13"><span class='ocrx_word' id='word_1_78' title='bbox 297 1740 380 1789; x_wconf 89' lang='lat' dir='ltr'>uuas</span> <span class='ocrx_word' id='word_1_79' title='bbox 400 1715 537 1802; x_wconf 82' lang='lat' dir='ltr'>fideliter</span> <span class='ocrx_word' id='word_1_80' title='bbox 562 1715 736 1785; x_wconf 78' lang='lat' dir='ltr'>didicerint</span> 
     </span>
     <span class='ocr_line' id='line_1_12' title="bbox 407 1826 1124 1909; baseline -0.006 -15"><span class='ocrx_word' id='word_1_81' title='bbox 407 1846 412 1852; x_wconf 83' lang='grc'><em>·</em></span> <span class='ocrx_word' id='word_1_82' title='bbox 843 1834 902 1894; x_wconf 77' lang='grc' dir='ltr'>τῶν</span> <span class='ocrx_word' id='word_1_83' title='bbox 923 1826 1124 1909; x_wconf 68' lang='grc' dir='ltr'>ἀδικημάτων</span> 
     </span>
    </p>

    <p class='ocr_par' dir='ltr' id='par_1_5' title="bbox 403 1931 1100 2014">
     <span class='ocr_line' id='line_1_13' title="bbox 403 1931 1100 2014; baseline 0 -17"><span class='ocrx_word' id='word_1_84' title='bbox 403 2001 405 2006; x_wconf 70' lang='grc'><strong>,</strong></span> <span class='ocrx_word' id='word_1_85' title='bbox 478 1935 524 2011; x_wconf 77' lang='grc' dir='ltr'>μη</span> <span class='ocrx_word' id='word_1_86' title='bbox 547 1932 726 2012; x_wconf 75' lang='grc' dir='ltr'><strong><em>λοομβοῖνειν</em></strong></span> <span class='ocrx_word' id='word_1_87' title='bbox 750 1933 810 2007; x_wconf 76' lang='grc' dir='ltr'>τοὶς</span> <span class='ocrx_word' id='word_1_88' title='bbox 834 1931 928 2010; x_wconf 78' lang='grc' dir='ltr'>οῖξῖοος</span> <span class='ocrx_word' id='word_1_89' title='bbox 951 1933 1100 2014; x_wconf 73' lang='grc' dir='ltr'><strong><em>τιμωρίης</em></strong></span> 
     </span>
    </p>

    <p class='ocr_par' dir='ltr' id='par_1_6' title="bbox 295 2037 1484 2543">
     <span class='ocr_line' id='line_1_14' title="bbox 479 2037 803 2113; baseline 0.009 -13"><span class='ocrx_word' id='word_1_90' title='bbox 479 2037 560 2102; x_wconf 69' lang='grc' dir='ltr'><em>ἑλεῖν</em></span> <span class='ocrx_word' id='word_1_91' title='bbox 583 2038 619 2103; x_wconf 76' lang='grc' dir='ltr'>δὲ</span> <span class='ocrx_word' id='word_1_92' title='bbox 641 2037 803 2113; x_wconf 68' lang='lat' dir='ltr'>adurar.</span> 
     </span>
     <span class='ocr_line' id='line_1_15' title="bbox 295 2135 1484 2231; baseline -0.002 -24"><span class='ocrx_word' id='word_1_93' title='bbox 295 2142 377 2207; x_wconf 75' lang='grc' dir='ltr'><em>ἑλεῖν</em></span> <span class='ocrx_word' id='word_1_94' title='bbox 398 2138 477 2227; x_wconf 91' lang='lat' dir='ltr'>quid</span> <span class='ocrx_word' id='word_1_95' title='bbox 500 2141 542 2206; x_wconf 90' lang='lat' dir='ltr'>sit</span> <span class='ocrx_word' id='word_1_96' title='bbox 565 2162 660 2209; x_wconf 87' lang='lat' dir='ltr'>nemo</span> <span class='ocrx_word' id='word_1_97' title='bbox 682 2163 837 2231; x_wconf 89' lang='lat' dir='ltr'>umquam</span> <span class='ocrx_word' id='word_1_98' title='bbox 869 2143 985 2230; x_wconf 90' lang='lat' dir='ltr'>capiet.</span> <span class='ocrx_word' id='word_1_99' title='bbox 1013 2142 1111 2206; x_wconf 71' lang='grc' dir='ltr'><em>ἐλεεῖν</em></span> <span class='ocrx_word' id='word_1_100' title='bbox 1142 2135 1386 2206; x_wconf 88' lang='lat' dir='ltr'>rescribendum</span> <span class='ocrx_word' id='word_1_101' title='bbox 1414 2158 1484 2206; x_wconf 87' lang='lat' dir='ltr'>csse</span> 
     </span>
     <span class='ocr_line' id='line_1_16' title="bbox 297 2243 1483 2326; baseline -0.003 -14"><span class='ocrx_word' id='word_1_102' title='bbox 297 2243 391 2312; x_wconf 83' lang='lat' dir='ltr'>facile</span> <span class='ocrx_word' id='word_1_103' title='bbox 413 2244 494 2310; x_wconf 89' lang='lat' dir='ltr'>mihi</span> <span class='ocrx_word' id='word_1_104' title='bbox 515 2244 664 2326; x_wconf 89' lang='lat' dir='ltr'>dabitur,</span> <span class='ocrx_word' id='word_1_105' title='bbox 689 2248 745 2314; x_wconf 90' lang='lat' dir='ltr'>sed</span> <span class='ocrx_word' id='word_1_106' title='bbox 776 2268 839 2316; x_wconf 88' lang='lat' dir='ltr'>uon</span> <span class='ocrx_word' id='word_1_107' title='bbox 863 2256 912 2315; x_wconf 88' lang='lat' dir='ltr'>est</span> <span class='ocrx_word' id='word_1_108' title='bbox 936 2246 1030 2313; x_wconf 88' lang='lat' dir='ltr'>satis:</span> <span class='ocrx_word' id='word_1_109' title='bbox 1056 2254 1093 2312; x_wconf 93' lang='lat' dir='ltr'>ut</span> <span class='ocrx_word' id='word_1_110' title='bbox 1116 2252 1204 2312; x_wconf 87' lang='lat' dir='ltr'>recte</span> <span class='ocrx_word' id='word_1_111' title='bbox 1232 2244 1360 2314; x_wconf 89' lang='lat' dir='ltr'>dicatur</span> <span class='ocrx_word' id='word_1_112' title='bbox 1384 2245 1483 2311; x_wconf 68' lang='grc' dir='ltr'><em>ἐλεεῖν</em></span> 
     </span>
     <span class='ocr_line' id='line_1_17' title="bbox 299 2348 1483 2438; baseline -0.002 -21"><span class='ocrx_word' id='word_1_113' title='bbox 299 2375 330 2417; x_wconf 76' lang='grc' dir='ltr'>τι</span> <span class='ocrx_word' id='word_1_114' title='bbox 355 2350 506 2416; x_wconf 88' lang='lat' dir='ltr'>insimili</span> <span class='ocrx_word' id='word_1_115' title='bbox 532 2372 567 2422; x_wconf 90' lang='lat' dir='ltr'>re</span> <span class='ocrx_word' id='word_1_116' title='bbox 590 2354 808 2421; x_wconf 87' lang='lat' dir='ltr'>necessarium</span> <span class='ocrx_word' id='word_1_117' title='bbox 829 2361 887 2421; x_wconf 89' lang='lat' dir='ltr'>est.</span> <span class='ocrx_word' id='word_1_118' title='bbox 911 2377 941 2420; x_wconf 78' lang='grc' dir='ltr'>τι</span> <span class='ocrx_word' id='word_1_119' title='bbox 965 2352 1062 2429; x_wconf 90' lang='lat' dir='ltr'>latet,</span> <span class='ocrx_word' id='word_1_120' title='bbox 1085 2357 1123 2416; x_wconf 93' lang='lat' dir='ltr'>ut</span> <span class='ocrx_word' id='word_1_121' title='bbox 1143 2350 1352 2438; x_wconf 82' lang='lat' dir='ltr'>saepissime,</span> <span class='ocrx_word' id='word_1_122' title='bbox 1378 2350 1413 2414; x_wconf 92' lang='lat' dir='ltr'>iu</span> <span class='ocrx_word' id='word_1_123' title='bbox 1432 2348 1483 2415; x_wconf 92' lang='lat' dir='ltr'>lit·</span> 
     </span>
     <span class='ocr_line' id='line_1_18' title="bbox 298 2456 1443 2543; baseline 0.003 -21"><span class='ocrx_word' id='word_1_124' title='bbox 298 2463 368 2522; x_wconf 88' lang='lat' dir='ltr'>tera</span> <span class='ocrx_word' id='word_1_125' title='bbox 390 2481 416 2522; x_wconf 76' lang='lat' dir='ltr'>r</span> <span class='ocrx_word' id='word_1_126' title='bbox 439 2464 471 2524; x_wconf 89' lang='lat' dir='ltr'>et</span> <span class='ocrx_word' id='word_1_127' title='bbox 494 2456 685 2543; x_wconf 83' lang='lat' dir='ltr'>legendum:</span> <span class='ocrx_word' id='word_1_128' title='bbox 1440 2462 1443 2467; x_wconf 83' lang='lat'>&#39;</span> 
     </span>
    </p>

    <p class='ocr_par' dir='ltr' id='par_1_7' title="bbox 571 2562 938 2638">
     <span class='ocr_line' id='line_1_19' title="bbox 571 2562 938 2638; baseline -0.005 -9"><span class='ocrx_word' id='word_1_129' title='bbox 571 2567 668 2631; x_wconf 77' lang='grc' dir='ltr'><em>ἐλεεῖν</em></span> <span class='ocrx_word' id='word_1_130' title='bbox 692 2564 723 2631; x_wconf 75' lang='grc' dir='ltr'>δέ</span> <span class='ocrx_word' id='word_1_131' title='bbox 747 2590 778 2631; x_wconf 80' lang='grc' dir='ltr'>τι</span> <span class='ocrx_word' id='word_1_132' title='bbox 801 2562 938 2638; x_wconf 63' lang='lat' dir='ltr'>adurar.</span> 
     </span>
    </p>

    <p class='ocr_par' dir='ltr' id='par_1_8' title="bbox 298 2662 1485 3276">
     <span class='ocr_line' id='line_1_20' title="bbox 302 2662 1484 2754; baseline -0.002 -20"><span class='ocrx_word' id='word_1_133' title='bbox 302 2727 304 2734; x_wconf 91' lang='lat'><strong>.</strong></span> <span class='ocrx_word' id='word_1_134' title='bbox 344 2669 421 2754; x_wconf 81' lang='lat' dir='ltr'>Pag.</span> <span class='ocrx_word' id='word_1_135' title='bbox 443 2669 518 2737; x_wconf 77' lang='lat'><strong>735.</strong></span> <span class='ocrx_word' id='word_1_136' title='bbox 566 2669 741 2736; x_wconf 79' lang='lat' dir='ltr'>Currurucs</span> <span class='ocrx_word' id='word_1_137' title='bbox 763 2669 803 2735; x_wconf 90' lang='lat' dir='ltr'>ad</span> <span class='ocrx_word' id='word_1_138' title='bbox 828 2671 990 2745; x_wconf 90' lang='lat' dir='ltr'>amicum,</span> <span class='ocrx_word' id='word_1_139' title='bbox 1015 2667 1070 2753; x_wconf 93' lang='lat' dir='ltr'>qui</span> <span class='ocrx_word' id='word_1_140' title='bbox 1096 2686 1135 2732; x_wconf 87' lang='lat' dir='ltr'>ex</span> <span class='ocrx_word' id='word_1_141' title='bbox 1158 2665 1229 2732; x_wconf 89' lang='lat' dir='ltr'>eius</span> <span class='ocrx_word' id='word_1_142' title='bbox 1251 2662 1422 2753; x_wconf 89' lang='lat' dir='ltr'>disciplina</span> <span class='ocrx_word' id='word_1_143' title='bbox 1449 2665 1484 2732; x_wconf 88' lang='lat' dir='ltr'>in</span> 
     </span>
     <span class='ocr_line' id='line_1_21' title="bbox 300 2759 1484 2862; baseline -0.003 -23"><span class='ocrx_word' id='word_1_144' title='bbox 300 2759 437 2862; x_wconf 87' lang='lat' dir='ltr'>patriam</span> <span class='ocrx_word' id='word_1_145' title='bbox 469 2780 635 2841; x_wconf 86' lang='lat' dir='ltr'>revertens</span> <span class='ocrx_word' id='word_1_146' title='bbox 670 2775 864 2859; x_wconf 88' lang='lat' dir='ltr'>quaerebat:</span> <span class='ocrx_word' id='word_1_147' title='bbox 900 2780 963 2847; x_wconf 78' lang='grc' dir='ltr'>πῶς</span> <span class='ocrx_word' id='word_1_148' title='bbox 985 2771 1024 2837; x_wconf 72' lang='grc' dir='ltr'>νῖν</span> <span class='ocrx_word' id='word_1_149' title='bbox 1047 2772 1138 2852; x_wconf 66' lang='lat' dir='ltr'>{iutra</span> <span class='ocrx_word' id='word_1_150' title='bbox 1173 2770 1407 2853; x_wconf 76' lang='grc' dir='ltr'><strong><em>οῖμοιρτοὶνοιμι;</em></strong></span> <span class='ocrx_word' id='word_1_151' title='bbox 1437 2791 1484 2837; x_wconf 88' lang='lat' dir='ltr'>rc·</span> 
     </span>
     <span class='ocr_line' id='line_1_22' title="bbox 299 2876 1484 2968; baseline 0.002 -24"><span class='ocrx_word' id='word_1_152' title='bbox 299 2878 466 2965; x_wconf 83' lang='lat' dir='ltr'>spondisse</span> <span class='ocrx_word' id='word_1_153' title='bbox 490 2878 612 2965; x_wconf 77' lang='lat' dir='ltr'>fertur:</span> <span class='ocrx_word' id='word_1_154' title='bbox 635 2881 661 2945; x_wconf 86' lang='grc' dir='ltr'>εῖ</span> <span class='ocrx_word' id='word_1_155' title='bbox 685 2885 758 2961; x_wconf 75' lang='grc' dir='ltr'>παρ’</span> <span class='ocrx_word' id='word_1_156' title='bbox 781 2877 882 2948; x_wconf 72' lang='grc' dir='ltr'><strong><em>ἕκοοςοο</em></strong></span> <span class='ocrx_word' id='word_1_157' title='bbox 902 2876 1108 2968; x_wconf 14' lang='grc' dir='ltr'>εῖν-πράττεις</span> <span class='ocrx_word' id='word_1_158' title='bbox 1129 2879 1243 2953; x_wconf 75' lang='grc' dir='ltr'><strong><em>δοκοίης</em></strong></span> <span class='ocrx_word' id='word_1_159' title='bbox 1264 2902 1305 2957; x_wconf 78' lang='grc' dir='ltr'>με</span> <span class='ocrx_word' id='word_1_160' title='bbox 1328 2885 1484 2960; x_wconf 81' lang='grc' dir='ltr'><strong><em>κονρεῖνοοι.</em></strong></span> 
     </span>
     <span class='ocr_line' id='line_1_23' title="bbox 299 2981 1485 3069; baseline -0.002 -18"><span class='ocrx_word' id='word_1_161' title='bbox 299 2984 408 3051; x_wconf 83' lang='lat' dir='ltr'>nescio</span> <span class='ocrx_word' id='word_1_162' title='bbox 427 3003 486 3049; x_wconf 90' lang='lat' dir='ltr'>cur</span> <span class='ocrx_word' id='word_1_163' title='bbox 504 3008 556 3064; x_wconf 82' lang='grc' dir='ltr'>μοι</span> <span class='ocrx_word' id='word_1_164' title='bbox 578 3002 663 3048; x_wconf 90' lang='lat' dir='ltr'>unus</span> <span class='ocrx_word' id='word_1_165' title='bbox 682 2991 714 3050; x_wconf 91' lang='lat' dir='ltr'>et</span> <span class='ocrx_word' id='word_1_166' title='bbox 734 2983 815 3049; x_wconf 86' lang='lat' dir='ltr'>alter</span> <span class='ocrx_word' id='word_1_167' title='bbox 832 2982 993 3049; x_wconf 87' lang='lat' dir='ltr'>maluerit.</span> <span class='ocrx_word' id='word_1_168' title='bbox 1041 2983 1200 3049; x_wconf 84' lang='lat' dir='ltr'>Revocata</span> <span class='ocrx_word' id='word_1_169' title='bbox 1221 2981 1357 3069; x_wconf 81' lang='lat' dir='ltr'>fugitiva</span> <span class='ocrx_word' id='word_1_170' title='bbox 1377 2981 1485 3049; x_wconf 88' lang='lat' dir='ltr'>littera</span> 
     </span>
     <span class='ocr_line' id='line_1_24' title="bbox 299 3087 1483 3175; baseline -0.001 -21"><span class='ocrx_word' id='word_1_171' title='bbox 299 3109 339 3155; x_wconf 83' lang='lat' dir='ltr'>ex</span> <span class='ocrx_word' id='word_1_172' title='bbox 363 3089 385 3154; x_wconf 83' lang='lat' dir='ltr'><strong>G</strong></span> <span class='ocrx_word' id='word_1_173' title='bbox 406 3088 616 3175; x_wconf 83' lang='lat' dir='ltr'>praecedente</span> <span class='ocrx_word' id='word_1_174' title='bbox 645 3089 750 3156; x_wconf 84' lang='lat' dir='ltr'>scribe</span> <span class='ocrx_word' id='word_1_175' title='bbox 774 3088 859 3175; x_wconf 87' lang='lat' dir='ltr'>quud</span> <span class='ocrx_word' id='word_1_176' title='bbox 884 3087 1105 3174; x_wconf 91' lang='lat' dir='ltr'>unusquisque</span> <span class='ocrx_word' id='word_1_177' title='bbox 1128 3090 1162 3154; x_wconf 89' lang='lat' dir='ltr'>iu</span> <span class='ocrx_word' id='word_1_178' title='bbox 1190 3088 1247 3154; x_wconf 84' lang='lat' dir='ltr'>tati</span> <span class='ocrx_word' id='word_1_179' title='bbox 1272 3108 1306 3154; x_wconf 91' lang='lat' dir='ltr'>re</span> <span class='ocrx_word' id='word_1_180' title='bbox 1329 3087 1483 3153; x_wconf 83' lang='lat' dir='ltr'>dixisset:</span> 
     </span>
     <span class='ocr_line' id='line_1_25' title="bbox 298 3193 681 3276; baseline 0.008 -18"><span class='ocrx_word' id='word_1_181' title='bbox 298 3193 414 3268; x_wconf 75' lang='grc' dir='ltr'><strong><em>δοκοίης</em></strong></span> <span class='ocrx_word' id='word_1_182' title='bbox 438 3193 504 3272; x_wconf 77' lang='grc' dir='ltr'>ἐμὲ</span> <span class='ocrx_word' id='word_1_183' title='bbox 528 3203 681 3276; x_wconf 70' lang='lat' dir='ltr'>raperem.</span> 
     </span>
    </p>

    <p class='ocr_par' dir='ltr' id='par_1_9' title="bbox 293 3297 1484 4649">
     <span class='ocr_line' id='line_1_26' title="bbox 348 3297 1484 3368; baseline 0.001 -5"><span class='ocrx_word' id='word_1_184' title='bbox 348 3298 494 3364; x_wconf 87' lang='lat' dir='ltr'>Servavit.</span> <span class='ocrx_word' id='word_1_185' title='bbox 517 3299 608 3365; x_wconf 86' lang='lat' dir='ltr'>nohis</span> <span class='ocrx_word' id='word_1_186' title='bbox 628 3301 776 3368; x_wconf 76' lang='lat' dir='ltr'>torturus</span> <span class='ocrx_word' id='word_1_187' title='bbox 798 3301 996 3368; x_wconf 79' lang='lat' dir='ltr'>Brurscruus</span> <span class='ocrx_word' id='word_1_188' title='bbox 1015 3298 1217 3366; x_wconf 88' lang='lat' dir='ltr'>luculentum</span> <span class='ocrx_word' id='word_1_189' title='bbox 1234 3297 1341 3364; x_wconf 86' lang='lat' dir='ltr'>locum</span> <span class='ocrx_word' id='word_1_190' title='bbox 1362 3297 1484 3364; x_wconf 78' lang='lat' dir='ltr'>Ascur-</span> 
     </span>
     <span class='ocr_line' id='line_1_27' title="bbox 300 3403 1483 3495; baseline -0.001 -24"><span class='ocrx_word' id='word_1_191' title='bbox 300 3424 356 3471; x_wconf 70' lang='grc' dir='ltr'>τοο</span> <span class='ocrx_word' id='word_1_192' title='bbox 380 3403 539 3470; x_wconf 78' lang='lat' dir='ltr'>Tarentini</span> <span class='ocrx_word' id='word_1_193' title='bbox 545 3457 555 3484; x_wconf 92' lang='lat'><strong><em>,</em></strong></span> <span class='ocrx_word' id='word_1_194' title='bbox 579 3405 693 3473; x_wconf 85' lang='lat' dir='ltr'>Dorica</span> <span class='ocrx_word' id='word_1_195' title='bbox 714 3406 849 3474; x_wconf 85' lang='lat' dir='ltr'>dialecto</span> <span class='ocrx_word' id='word_1_196' title='bbox 869 3409 1026 3495; x_wconf 89' lang='lat' dir='ltr'>scriptum</span> <span class='ocrx_word' id='word_1_197' title='bbox 1044 3403 1100 3470; x_wconf 92' lang='lat' dir='ltr'>sed</span> <span class='ocrx_word' id='word_1_198' title='bbox 1120 3404 1340 3471; x_wconf 89' lang='lat' dir='ltr'>miserrimum</span> <span class='ocrx_word' id='word_1_199' title='bbox 1364 3404 1397 3469; x_wconf 87' lang='lat' dir='ltr'>in</span> <span class='ocrx_word' id='word_1_200' title='bbox 1418 3423 1483 3470; x_wconf 86' lang='lat' dir='ltr'>mo-</span> 
     </span>
     <span class='ocr_line' id='line_1_28' title="bbox 299 3507 1484 3599; baseline 0.001 -23"><span class='ocrx_word' id='word_1_201' title='bbox 299 3508 377 3597; x_wconf 90' lang='lat' dir='ltr'>dum</span> <span class='ocrx_word' id='word_1_202' title='bbox 401 3530 419 3577; x_wconf 92' lang='lat' dir='ltr'>a</span> <span class='ocrx_word' id='word_1_203' title='bbox 442 3511 584 3579; x_wconf 87' lang='lat' dir='ltr'>librariis</span> <span class='ocrx_word' id='word_1_204' title='bbox 605 3512 793 3580; x_wconf 88' lang='lat' dir='ltr'>mulcatum.</span> <span class='ocrx_word' id='word_1_205' title='bbox 829 3513 964 3599; x_wconf 77' lang='lat' dir='ltr'>Legitur</span> <span class='ocrx_word' id='word_1_206' title='bbox 986 3532 1018 3597; x_wconf 92' lang='lat' dir='ltr'>p.</span> <span class='ocrx_word' id='word_1_207' title='bbox 1035 3514 1118 3588; x_wconf 86' lang='lat'><strong>741,</strong></span> <span class='ocrx_word' id='word_1_208' title='bbox 1141 3507 1317 3594; x_wconf 88' lang='lat' dir='ltr'>habuitque</span> <span class='ocrx_word' id='word_1_209' title='bbox 1338 3508 1484 3577; x_wconf 79' lang='lat' dir='ltr'>Garsrou-¹</span> 
     </span>
     <span class='ocr_line' id='line_1_29' title="bbox 298 3616 1482 3704; baseline 0 -24"><span class='ocrx_word' id='word_1_210' title='bbox 298 3635 354 3681; x_wconf 83' lang='lat' dir='ltr'>uus</span> <span class='ocrx_word' id='word_1_211' title='bbox 384 3616 517 3682; x_wconf 80' lang='lat' dir='ltr'>Erusmr</span> <span class='ocrx_word' id='word_1_212' title='bbox 552 3617 792 3704; x_wconf 82' lang='lat' dir='ltr'><strong>apographum,</strong></span> <span class='ocrx_word' id='word_1_213' title='bbox 826 3637 889 3702; x_wconf 89' lang='lat' dir='ltr'>quo</span> <span class='ocrx_word' id='word_1_214' title='bbox 921 3616 1085 3683; x_wconf 88' lang='lat' dir='ltr'>meliorem</span> <span class='ocrx_word' id='word_1_215' title='bbox 1108 3622 1273 3680; x_wconf 77' lang='lat' dir='ltr'>auctorem</span> <span class='ocrx_word' id='word_1_216' title='bbox 1296 3634 1334 3680; x_wconf 94' lang='lat' dir='ltr'>ac</span> <span class='ocrx_word' id='word_1_217' title='bbox 1367 3621 1482 3682; x_wconf 88' lang='lat' dir='ltr'>testem</span> 
     </span>
     <span class='ocr_line' id='line_1_30' title="bbox 298 3719 1483 3804; baseline 0.001 -20"><span class='ocrx_word' id='word_1_218' title='bbox 298 3739 392 3784; x_wconf 86' lang='lat' dir='ltr'>nemo</span> <span class='ocrx_word' id='word_1_219' title='bbox 424 3722 580 3804; x_wconf 87' lang='lat' dir='ltr'>requirat.</span> <span class='ocrx_word' id='word_1_220' title='bbox 626 3721 797 3785; x_wconf 81' lang='lat' dir='ltr'>Ecuscmus</span> <span class='ocrx_word' id='word_1_221' title='bbox 825 3728 934 3786; x_wconf 89' lang='lat' dir='ltr'>autem</span> <span class='ocrx_word' id='word_1_222' title='bbox 965 3720 1148 3786; x_wconf 89' lang='lat' dir='ltr'>describere</span> <span class='ocrx_word' id='word_1_223' title='bbox 1180 3720 1287 3786; x_wconf 85' lang='lat' dir='ltr'>iocum</span> <span class='ocrx_word' id='word_1_224' title='bbox 1317 3719 1397 3785; x_wconf 89' lang='lat' dir='ltr'>satis</span> <span class='ocrx_word' id='word_1_225' title='bbox 1429 3719 1483 3785; x_wconf 86' lang='lat' dir='ltr'>ha·</span> 
     </span>
     <span class='ocr_line' id='line_1_31' title="bbox 297 3822 1484 3911; baseline 0 -22"><span class='ocrx_word' id='word_1_226' title='bbox 297 3822 386 3902; x_wconf 88' lang='lat' dir='ltr'>huit,</span> <span class='ocrx_word' id='word_1_227' title='bbox 410 3824 580 3891; x_wconf 89' lang='lat' dir='ltr'>emendare</span> <span class='ocrx_word' id='word_1_228' title='bbox 612 3823 804 3911; x_wconf 84' lang='lat' dir='ltr'>supersedit.</span> <span class='ocrx_word' id='word_1_229' title='bbox 852 3824 1018 3892; x_wconf 87' lang='lat' dir='ltr'>Sustulere</span> <span class='ocrx_word' id='word_1_230' title='bbox 1051 3824 1204 3892; x_wconf 86' lang='lat' dir='ltr'>nonnulla</span> <span class='ocrx_word' id='word_1_231' title='bbox 1228 3823 1306 3889; x_wconf 89' lang='lat' dir='ltr'>vitia</span> <span class='ocrx_word' id='word_1_232' title='bbox 1328 3822 1484 3890; x_wconf 85' lang='lat' dir='ltr'>Wrrrru-</span> 
     </span>
     <span class='ocr_line' id='line_1_32' title="bbox 297 3927 1480 4018; baseline 0.002 -26"><span class='ocrx_word' id='word_1_233' title='bbox 297 3949 419 3995; x_wconf 73' lang='lat' dir='ltr'>recatus</span> <span class='ocrx_word' id='word_1_234' title='bbox 432 3936 464 3995; x_wconf 92' lang='lat' dir='ltr'>et</span> <span class='ocrx_word' id='word_1_235' title='bbox 481 3929 677 3996; x_wconf 77' lang='lat' dir='ltr'>Garsromrus.</span> <span class='ocrx_word' id='word_1_236' title='bbox 713 3929 875 3995; x_wconf 83' lang='lat' dir='ltr'>Palmaria</span> <span class='ocrx_word' id='word_1_237' title='bbox 895 3931 1117 3998; x_wconf 87' lang='lat' dir='ltr'>emendatione</span> <span class='ocrx_word' id='word_1_238' title='bbox 1137 3932 1263 3996; x_wconf 78' lang='lat' dir='ltr'>Bruma</span> <span class='ocrx_word' id='word_1_239' title='bbox 1288 3929 1334 4018; x_wconf 91' lang='lat' dir='ltr'>(iu</span> <span class='ocrx_word' id='word_1_240' title='bbox 1346 3927 1480 4015; x_wconf 80' lang='lat' dir='ltr'>praefat.</span> 
     </span>
     <span class='ocr_line' id='line_1_33' title="bbox 297 4020 1481 4123; baseline 0.002 -25"><span class='ocrx_word' id='word_1_241' title='bbox 297 4032 337 4098; x_wconf 90' lang='lat' dir='ltr'>ad</span> <span class='ocrx_word' id='word_1_242' title='bbox 358 4034 464 4100; x_wconf 77' lang='lat' dir='ltr'>Eume.</span> <span class='ocrx_word' id='word_1_243' title='bbox 499 4034 599 4101; x_wconf 81' lang='lat' dir='ltr'>Helm</span> <span class='ocrx_word' id='word_1_244' title='bbox 634 4054 665 4120; x_wconf 97' lang='lat' dir='ltr'>p.</span> <span class='ocrx_word' id='word_1_245' title='bbox 687 4033 719 4123; x_wconf 88' lang='grc'>6)</span> <span class='ocrx_word' id='word_1_246' title='bbox 756 4035 901 4103; x_wconf 85' lang='lat' dir='ltr'>restituit</span> <span class='ocrx_word' id='word_1_247' title='bbox 923 4034 1010 4103; x_wconf 89' lang='lat' dir='ltr'>huuc</span> <span class='ocrx_word' id='word_1_248' title='bbox 1034 4037 1161 4103; x_wconf 89' lang='lat' dir='ltr'>locum:</span> <span class='ocrx_word' id='word_1_249' title='bbox 1185 4034 1237 4102; x_wconf 77' lang='grc' dir='ltr'>νοοῖ</span> <span class='ocrx_word' id='word_1_250' title='bbox 1263 4034 1327 4117; x_wconf 74' lang='grc' dir='ltr'>γὰρ</span> <span class='ocrx_word' id='word_1_251' title='bbox 1352 4020 1481 4118; x_wconf 67' lang='lat' dir='ltr'>cipetra</span> 
     </span>
     <span class='ocr_line' id='line_1_34' title="bbox 296 4137 1481 4224; baseline 0.002 -20"><span class='ocrx_word' id='word_1_252' title='bbox 296 4139 349 4204; x_wconf 85' lang='grc' dir='ltr'>κοοῖ</span> <span class='ocrx_word' id='word_1_253' title='bbox 371 4139 424 4204; x_wconf 76' lang='grc' dir='ltr'>νοοῖ</span> <span class='ocrx_word' id='word_1_254' title='bbox 445 4139 542 4207; x_wconf 70' lang='lat' dir='ltr'>nutui</span> <span class='ocrx_word' id='word_1_255' title='bbox 570 4139 683 4222; x_wconf 78' lang='grc' dir='ltr'><strong><em>τροφοὶ</em></strong></span> <span class='ocrx_word' id='word_1_256' title='bbox 708 4137 863 4215; x_wconf 70' lang='grc' dir='ltr'><strong><em>πολλάκις</em></strong></span> <span class='ocrx_word' id='word_1_257' title='bbox 894 4141 1040 4224; x_wconf 67' lang='lat' dir='ltr'>paduan</span> <span class='ocrx_word' id='word_1_258' title='bbox 1064 4143 1124 4217; x_wconf 77' lang='grc' dir='ltr'>τοῖς</span> <span class='ocrx_word' id='word_1_259' title='bbox 1155 4139 1359 4214; x_wconf 81' lang='grc' dir='ltr'><strong><em>διδοιοκοιλῖοις</em></strong></span> <span class='ocrx_word' id='word_1_260' title='bbox 1383 4142 1413 4214; x_wconf 81' lang='grc' dir='ltr'>ἐς</span> <span class='ocrx_word' id='word_1_261' title='bbox 1437 4142 1481 4222; x_wconf 80' lang='grc' dir='ltr'>ὀρ·</span> 
     </span>
     <span class='ocr_line' id='line_1_35' title="bbox 297 4233 1481 4328; baseline 0.003 -19"><span class='ocrx_word' id='word_1_262' title='bbox 297 4242 414 4312; x_wconf 77' lang='grc' dir='ltr'>ῖότοοτοι</span> <span class='ocrx_word' id='word_1_263' title='bbox 434 4243 583 4325; x_wconf 56' lang='lat' dir='ltr'>atrorem,</span> <span class='ocrx_word' id='word_1_264' title='bbox 605 4243 763 4311; x_wconf 70' lang='grc' dir='ltr'><strong><em>ἀποδέοντι</em></strong></span> <span class='ocrx_word' id='word_1_265' title='bbox 786 4246 817 4313; x_wconf 78' lang='grc' dir='ltr'>δὲ</span> <span class='ocrx_word' id='word_1_266' title='bbox 838 4246 928 4327; x_wconf 77' lang='grc' dir='ltr'><strong><em>μόνον</em></strong></span> <span class='ocrx_word' id='word_1_267' title='bbox 948 4233 1033 4328; x_wconf 75' lang='grc' dir='ltr'><strong><em>λόγον</em></strong></span> <span class='ocrx_word' id='word_1_268' title='bbox 1054 4247 1228 4328; x_wconf 69' lang='grc' dir='ltr'>ἁγεμόνος,</span> <span class='ocrx_word' id='word_1_269' title='bbox 1252 4245 1304 4312; x_wconf 79' lang='grc' dir='ltr'>τὸν</span> <span class='ocrx_word' id='word_1_270' title='bbox 1328 4247 1366 4309; x_wconf 85' lang='grc' dir='ltr'>ἐν</span> <span class='ocrx_word' id='word_1_271' title='bbox 1390 4247 1481 4322; x_wconf 77' lang='grc' dir='ltr'><strong><em>τήθη</em></strong></span> 
     </span>
     <span class='ocr_line' id='line_1_36' title="bbox 293 4349 1481 4438; baseline 0.002 -24"><span class='ocrx_word' id='word_1_272' title='bbox 293 4357 340 4427; x_wconf 65' lang='grc' dir='ltr'>οη</span> <span class='ocrx_word' id='word_1_273' title='bbox 364 4349 519 4431; x_wconf 76' lang='grc' dir='ltr'><strong><em>ἕπιςοῖμοο.</em></strong></span> <span class='ocrx_word' id='word_1_274' title='bbox 566 4350 799 4417; x_wconf 76' lang='lat' dir='ltr'>Vaccuaurumo</span> <span class='ocrx_word' id='word_1_275' title='bbox 823 4352 959 4438; x_wconf 85' lang='lat' dir='ltr'>dignum</span> <span class='ocrx_word' id='word_1_276' title='bbox 983 4361 1032 4420; x_wconf 91' lang='lat' dir='ltr'>est</span> <span class='ocrx_word' id='word_1_277' title='bbox 1056 4361 1088 4419; x_wconf 92' lang='lat' dir='ltr'>et</span> <span class='ocrx_word' id='word_1_278' title='bbox 1115 4354 1251 4419; x_wconf 83' lang='lat' dir='ltr'>Pousuuc</span> <span class='ocrx_word' id='word_1_279' title='bbox 1276 4349 1361 4436; x_wconf 84' lang='lat' dir='ltr'>quud</span> <span class='ocrx_word' id='word_1_280' title='bbox 1392 4370 1481 4438; x_wconf 87' lang='lat' dir='ltr'>repe·</span> 
     </span>
     <span class='ocr_line' id='line_1_37' title="bbox 294 4454 1482 4546; baseline 0.001 -26"><span class='ocrx_word' id='word_1_281' title='bbox 294 4454 354 4536; x_wconf 84' lang='lat' dir='ltr'>rit;</span> <span class='ocrx_word' id='word_1_282' title='bbox 378 4456 430 4520; x_wconf 77' lang='grc' dir='ltr'>τὸν</span> <span class='ocrx_word' id='word_1_283' title='bbox 450 4455 619 4532; x_wconf 71' lang='lat' dir='ltr'>irritari</span> <span class='ocrx_word' id='word_1_284' title='bbox 644 4457 799 4539; x_wconf 77' lang='grc' dir='ltr'><strong><em>ἐπιςοῖμκ.</em></strong></span> <span class='ocrx_word' id='word_1_285' title='bbox 848 4459 918 4524; x_wconf 82' lang='lat' dir='ltr'>Alia</span> <span class='ocrx_word' id='word_1_286' title='bbox 935 4479 1036 4546; x_wconf 88' lang='lat' dir='ltr'>pauca</span> <span class='ocrx_word' id='word_1_287' title='bbox 1056 4460 1123 4546; x_wconf 91' lang='lat' dir='ltr'>ipse</span> <span class='ocrx_word' id='word_1_288' title='bbox 1144 4458 1321 4542; x_wconf 64' lang='lat' dir='ltr'>corrigam</span> <span class='ocrx_word' id='word_1_289' title='bbox 1343 4455 1428 4542; x_wconf 90' lang='lat' dir='ltr'>quod</span> <span class='ocrx_word' id='word_1_290' title='bbox 1449 4455 1482 4521; x_wconf 90' lang='lat' dir='ltr'>in</span> 
     </span>
     <span class='ocr_line' id='line_1_38' title="bbox 294 4558 1479 4649; baseline 0.002 -24"><span class='ocrx_word' id='word_1_291' title='bbox 294 4558 402 4626; x_wconf 84' lang='lat' dir='ltr'>codiee</span> <span class='ocrx_word' id='word_1_292' title='bbox 426 4569 474 4627; x_wconf 85' lang='lat' dir='ltr'>est</span> <span class='ocrx_word' id='word_1_293' title='bbox 498 4564 744 4646; x_wconf 74' lang='grc' dir='ltr'><strong><em>κοιθομολονοῖ</em></strong></span> <span class='ocrx_word' id='word_1_294' title='bbox 769 4590 805 4630; x_wconf 79' lang='grc' dir='ltr'>τε</span> <span class='ocrx_word' id='word_1_295' title='bbox 828 4564 872 4631; x_wconf 78' lang='grc' dir='ltr'>τοὶ</span> <span class='ocrx_word' id='word_1_296' title='bbox 895 4565 1010 4649; x_wconf 76' lang='grc' dir='ltr'><strong><em>φύσει</em></strong></span> <span class='ocrx_word' id='word_1_297' title='bbox 1035 4565 1104 4631; x_wconf 77' lang='grc' dir='ltr'><strong><em>ἔθεον</em></strong></span> <span class='ocrx_word' id='word_1_298' title='bbox 1128 4562 1258 4638; x_wconf 67' lang='lat' dir='ltr'>editur.</span> <span class='ocrx_word' id='word_1_299' title='bbox 1284 4583 1315 4649; x_wconf 91' lang='lat' dir='ltr'>p.</span> <span class='ocrx_word' id='word_1_300' title='bbox 1331 4568 1418 4643; x_wconf 85' lang='lat'><strong>741,</strong></span> <span class='ocrx_word' id='word_1_301' title='bbox 1443 4565 1479 4639; x_wconf 89' lang='grc'>9,</span> 
     </span>
    </p>
   </div>
   <div class='ocr_carea' id='block_1_3' title="bbox 0 0 1660 5750">
    <p class='ocr_par' dir='ltr' id='par_1_10' title="bbox 0 0 1660 5750">
     <span class='ocr_line' id='line_1_39' title="bbox 0 0 1660 5750; baseline 0 0"><span class='ocrx_word' id='word_1_302' title='bbox 0 0 1660 5750; x_wconf 95' lang='lat' dir='ltr'> </span> 
     </span>
    </p>
   </div>
  </div>
 </body>
</html>
