3309 5750
742 658 806 720 129

177 848 274 915 quam
313 826 414 894 sutilis
448 828 687 896 Grammaticus
731 850 770 897 ex
802 832 967 911 οὶλιίοομοιι
997 831 1141 913 extudit,
1170 854 1234 901 nou
1261 833 1366 901 mullo

176 933 291 999 melior
315 942 363 999 est
387 935 525 1013 ιίλίοκω,
553 953 618 1021 qua
637 934 810 1002 durumne
835 936 976 1004 Srooums
1004 938 1151 1005 abutitur
1175 942 1208 1006 in
1234 939 1364 1012 Aatbol.

181 1039 234 1103 Gr.
258 1039 295 1105 Τ.
323 1040 362 1104 ll.
389 1060 419 1126 p.
442 1044 473 1105 6.

268 1145 434 1226 Εὐοινόριις
460 1146 488 1210 δ’
513 1145 551 1209 ὢν
574 1145 699 1225 χοιλιιὸς
723 1145 798 1228 ἄτερ
822 1145 912 1213 δόλου
934 1149 1030 1222 αὐτὸς
1054 1148 1190 1215 eatena.

130 1243 133 1247 ’
173 1248 415 1316 Eiusdemmodi
433 1257 483 1316 est
506 1247 655 1316 futurum
673 1249 775 1329 ίμίοω
794 1272 835 1317 ex
855 1252 962 1333 ὤμοιο
982 1251 1066 1322 male
1090 1262 1214 1323 natum.
1248 1254 1367 1323 Sruaro

177 1355 210 1419 iu
231 1354 359 1421 Ανιίίιοί.
385 1356 421 1421 T.
448 1355 503 1419 lll.
526 1374 556 1439 p.
570 1358 632 1419 78:

310 1459 413 1538 δέξομ’
437 1461 498 1536 ἐγὼ
522 1458 706 1540 μελάθροις,
729 1465 762 1527 οὐ
786 1462 836 1541 μὰ
859 1462 911 1529 τίν
935 1500 982 1513 ··-
1004 1465 1058 1529 οὐκ
1081 1465 1194 1546 iudeo.

174 1550 288 1629 eadem
314 1563 417 1630 forma
441 1563 588 1630 abutitur
612 1564 806 1633 Peenameus
820 1569 854 1633 in
877 1567 1021 1634 Cicerone
1044 1572 1098 1636 25.
1122 1571 1270 1650 προῆλθεν
1290 1569 1361 1650 ίμί·

169 1692 249 1745 σον,
274 1674 385 1753 estque
402 1668 480 1734 adeo
498 1670 679 1755 reponenda
704 1671 738 1735 in
762 1671 863 1739 Morio
877 1677 942 1740 29.
965 1672 1136 1740 Simillimo
1155 1692 1265 1741 errore
1287 1675 1365 1743 Pnu-

168 1792 302 1837 rnncnus
317 1792 356 1837 ex
375 1775 533 1856 οίμφιέσιιι
553 1776 677 1843 extudit
690 1776 857 1859 ἀμφιέζειν
882 1778 915 1843 in
934 1777 966 1843 O.
994 1778 1133 1845 Grccclo
1154 1783 1252 1847 acte
1273 1781 1365 1862 νίφοι

170 1878 287 1944 νίπτειν
311 1878 354 1954 in,
372 1877 486 1944 Tbeseo
512 1885 563 1947 10.
596 1881 827 1967 Perrulgatum
851 1884 916 1949 iam
940 1883 1016 1949 clim
1039 1892 1116 1950 erat·
1136 1884 1275 1965 vitium,
1297 1906 1364 1972 quo

168 1983 278 2064 ὄφλειν
297 1990 328 2047 et
345 1981 450 2065 ὅφλιον
467 1985 552 2072 apud
569 1984 687 2052 Atticos
696 2006 755 2073 pro
772 1989 883 2071 ὀφλεῖν
901 1996 937 2054 et
952 1990 1057 2072 ίφλιίν
1076 1988 1261 2075 legebatur:
1287 1988 1364 2062 biuo

173 2086 321 2155 Graeculi
335 2097 510 2175 coeperunt
529 2090 617 2175 ίφλω
630 2117 707 2168 ,εις,
724 2116 750 2157 ει
773 2091 899 2170 dicere,
921 2102 953 2159 et
965 2094 1067 2171 docti,
1091 2096 1118 2160 si
1129 2094 1229 2162 llusis
1242 2095 1364 2181 placet,

176 2192 378 2258 Grommcticc'
401 2215 544 2262 errorem
568 2195 706 2262 alebant.
726 2199 957 2273 Ἀπολλωνίδης
977 2199 991 2264 ί
1009 2201 1146 2273 Niaccaba
1170 2201 1202 2266 ἐν
1224 2202 1363 2278 ὑπομνή-

171 2324 251 2380 μοιτι
270 2298 337 2380 περὶ
360 2301 618 2380 ποοροιιιρεσβείοις
639 2301 850 2380 Δημοσθένους
878 2303 972 2393 (leste
992 2304 1134 2370 nuscum
1155 2304 1194 2371 dc
1211 2304 1252 2372 D.
1272 2306 1309 2372 V.
1331 2326 1362 2375 v.

170 2403 275 2491 ίφλει)
300 2404 483 2470 annotavit:
507 2403 600 2487 ὅφλει
625 2405 683 2484 μέν
709 2429 757 2478 τις
777 2406 828 2471 ἔνι)
845 2408 998 2491 acredine
1020 2410 1086 2474 ιιοὲ.
1111 2397 1297 2493 ίφλιοκιίνει
1315 2409 1362 2475 di·

167 2509 306 2577 cendum
320 2528 388 2575 esse
408 2528 512 2594 neque
534 2510 655 2595 cogitat
678 2509 794 2587 homo,
816 2531 920 2597 neque
941 2510 1077 2578 fortasse
1094 2512 1224 2581 sciebat.
1260 2514 1361 2582 Venia

129 2661 134 2671 .
169 2615 272 2701 igitur
291 2613 362 2680 dari
380 2612 604 2699 poterlt'ltronr
623 2615 860 2693 Cnnrsosrouo,
883 2618 938 2702 qui
960 2617 993 2682 in
1014 2616 1219 2684 orat'Xlllll.
1243 2639 1273 2707 p.
1294 2624 1359 2686 353

165 2718 313 2804 ίφλονοιν
337 2727 369 2785 et
396 2722 471 2785 556.
496 2718 614 2802 ὄφλετε
639 2719 701 2785 sibi
728 2719 866 2786 credidit
888 2719 995 2787 dicere
1018 2720 1136 2800 licere,
1169 2721 1227 2790 sed
1250 2725 1294 2790 ita
1319 2744 1360 2791 nc

168 2844 324 2913 umquam
348 2844 406 2890 nos
424 2824 502 2902 liro,
538 2845 642 2912 neque
675 2826 881 2894 Amnucumes
902 2825 1097 2914 quidquam,
1119 2827 1204 2915 quod
1230 2827 1361 2897 aliunde

166 2951 230 2997 uon
261 2932 305 2996 sit
329 2931 577 3006 antiocenum,
603 2931 663 2997 sibi
694 2931 825 2999 credere
848 2932 1020 3018 postulent.
1067 2934 1176 3001 Etiam
1199 2937 1256 3023 qui
1281 2934 1360 3003 baec

165 3036 247 3104 mibi
268 3035 391 3101 dabunt
413 3042 444 3100 et
473 3037 614 3123 turpiter
643 3057 661 3102 a
687 3038 812 3104 θοοοοίι
835 3045 980 3104 erratum
1004 3058 1072 3106 esse
1094 3038 1287 3126 agnoscent,
1311 3060 1361 3108 re-

167 3139 354 3219 clamabunt
375 3140 402 3206 si
426 3140 658 3208 eiusdemmodi
679 3142 795 3208 vitium
819 3142 860 3208 ab
882 3143 1042 3209 domnum
1065 3147 1275 3212 commissum
1289 3165 1360 3213 esse

163 3247 285 3314 dixero.
333 3246 374 3311 m
397 3245 458 3330 ipsi
488 3246 627 3312 viderint
645 3246 918 3332 quemadmodum
942 3246 1069 3333 poetam
1093 3250 1133 3317 ab
1158 3272 1196 3319 eo
1219 3251 1358 3319 crimina

162 3350 341 3421 defendant
363 3351 397 3415 in
424 3349 616 3438 Cbne'pboris
637 3366 683 3415 vs.
698 3356 780 3418 680:
875 3374 877 3380 ·

389 3459 515 3538 ἐπείπερ
539 3455 668 3531 ἄλλως,
691 3452 714 3524 ὦ
734 3455 810 3533 ξέν’,
833 3457 876 3529 είς
896 3458 1016 3536 Ἄργος
1043 3459 1131 3532 κίεις.
1151 3495 1153 3500 ·

166 3565 243 3632 ἔκιον
265 3565 353 3630 enlm
377 3561 452 3628 olim
477 3563 510 3627 in
547 3580 609 3627 usu
633 3560 695 3627 luit
723 3569 756 3628 et
782 3556 886 3636 κιών,Ι
901 3561 954 3625 κίον
979 3580 1037 3646 pro
1059 3561 1192 3644 ἔρχομαι
1219 3580 1281 3626 non
1307 3570 1357 3628 est

166 3669 309 3738 melioris
333 3675 425 3734 notae
448 3686 546 3754 quam
565 3665 680 3762 ὄφλοι..
697 3665 750 3732 Sic
771 3666 895 3753 igitur,
918 3671 954 3729 ut
975 3665 1103 3732 redeam
1128 3664 1213 3731 unde
1236 3665 1357 3752 digres-

166 3792 330 3852 sussum,
348 3774 451 3855 κονίζω
469 3773 639 3848 nihiliest‚
664 3779 785 3838 ίοιηειε
805 3771 920 3836 lictum
942 3791 960 3836 e
980 3772 1102 3853 κονίςμι
1121 3778 1154 3836 et
1175 3770 1356 3862 similibus,

165 3900 269 3969 neque
296 3879 377 3946 alios
411 3886 510 3944 testes
543 3877 639 3944 babet
672 3896 769 3964 mam
806 3875 916 3943 futiles
944 3875 1169 3942 Grammaticos
1199 3878 1357 3962 sequioris

164 3986 293 4053 aetatis:
318 3992 351 4051 at
381 3985 453 4050 istis
477 3982 601 4050 scribae
620 3982 843 4069 obtemperant
865 3991 898 4049 et
923 3985 953 4049 iu
977 3983 1097 4050 Horum
1118 3980 1283 4048 codicibus
1306 4009 1354 4050 κο·
1449 4001 1453 4005 ·

163 4089 315 4167 viocourt,
330 4088 484 4166 ίκίνιοοε,
509 4088 644 4158 κοινόνιςο
658 4088 736 4170 κοίςκ
757 4087 833 4154 hinc
847 4088 1057 4155 inoleverunt.
1084 4088 1166 4153 Hinc
1178 4088 1206 4155 si
1226 4082 1354 4175 quando

163 4194 353 4275 reaccendere
377 4193 549 4282 apparebat
567 4192 776 4272 κεκονιαμένος
800 4194 871 4258 eius
899 4193 1005 4259 locum
1027 4193 1219 4278 occupavit,
1254 4202 1290 4258 ut
1318 4196 1352 4261 in

161 4303 381 4367 dmsnoruaurs
405 4296 580 4366 Ιίοοίοείοκ.
602 4301 687 4365 aaa
702 4298 759 4380 ίίκς
779 4298 985 4375 κεκονιμένος,
1011 4297 1064 4364 ubi
1086 4296 1270 4375 decennos,
1294 4301 1351 4387 qui

158 4424 252 4492 saepe
284 4403 563 4471 bonas-lectiones
595 4409 702 4468 servat
722 4402 831 4477 solus,
851 4420 926 4468 cum
953 4401 1128 4468 deterrimo
1151 4423 1278 4490 quoque
1301 4430 1351 4470 κε-

158 4509 332 4589 ιιονισμίνος
357 4507 482 4574 obtulit.
530 4507 627 4574 Plura
647 4506 768 4574 dabunt
795 4509 996 4573 Bul-ruaudus
1025 4514 1058 4574 et
1084 4527 1159 4573 cum
1184 4506 1351 4574 [bunonem

160 4614 350 4690 moremus,
375 4613 460 4678 unde
492 4613 569 4680 baec
599 4611 814 4680 stabiliantur.
874 4610 965 4693 Quod
997 4632 1014 4678 e
1045 4612 1178 4679 Pmnone
1192 4663 1194 4666 -
1209 4611 1349 4678 afferunt

160 4720 335 4800 μέλλουσαι
359 4717 525 4786 κονιεῖοίιιι
545 4718 670 4804 corrige
697 4719 863 4796 κονίεοίκι,
887 4715 972 4805 quod
996 4716 1113 4784 melius
1140 4717 1351 4789 ὑποκονίεοίοιι·

181 4847 183 4850 ·
1115 4829 1141 4869 to
