3309 5750
771 713 774 718 ,
870 648 938 713 348

314 840 399 934 apud
419 840 626 909 lltrtrncntt!
646 840 732 907 κατὰ
756 841 982 921 Δημοσθένους.
1007 844 1026 928 §
1047 843 1101 908 ⁷4.
1125 842 1309 926 ἐδωροδόκει
1330 846 1393 927 ροὲν
1418 845 1498 939 [xpri

313 964 411 1029 ματα
430 948 622 1037 λαμβάνων]
647 949 736 1031 ταροὶ
757 946 927 1013 Φιλίττον.
975 947 1095 1039 Ecquis
1120 950 1204 1015 serio
1230 950 1447 1020 creditlraee
1462 954 1496 1019 alt

314 1054 384 1145 ipso
406 1050 540 1120 Oratore
558 1053 691 1120 addita?
720 1054 818 1119 etiam
839 1052 890 1117 ἐπὶ
911 1053 1073 1134 χρήμασιν
1095 1065 1144 1120 est
1163 1055 1320 1123 abiectae
1343 1057 1497 1126 Graecita-

316 1162 356 1227 tis
374 1184 434 1252 pro
455 1160 617 1241 χρήμασιν
639 1171 675 1225 ut
695 1160 746 1225 ἔτι
765 1158 873 1239 τολλῷ
894 1161 1034 1225 ὦνεῖτόαι
1053 1183 1113 1251 pro
1132 1170 1255 1230 τολλοῦ
1279 1177 1317 1232 et
1338 1166 1414 1232 sim.
1444 1163 1497 1230 Sed

317 1287 396 1357 opus
412 1276 480 1331 erat
498 1264 678 1331 istiusmodi
693 1265 979 1356 interpretamento
994 1264 1048 1345 iis,
1068 1267 1185 1357 quibus
1204 1271 1395 1353 δωροδοκεῖν
1411 1270 1499 1361 signi·

316 1372 435 1437 fieabat
455 1370 506 1434 ε’τὶ
531 1371 677 1451 χρήματι
696 1370 883 1452 διαφθείρειν
903 1369 964 1436 rel.
975 1372 1133 1453 χρήματα
1159 1373 1290 1441 διδόναι.
1333 1375 1500 1467 Sequiorer

318 1475 525 1544 Grammatiei
544 1476 716 1566 opinantur
734 1476 770 1541 τό
792 1475 965 1556 δωροδοκεῖν
988 1486 1157 1566 utramque
1179 1478 1246 1543 rim
1269 1477 1404 1547 habere
1425 1482 1498 1574 apud

318 1581 468 1658 Veteres,
498 1592 533 1645 ut
552 1581 593 1645 sit
613 1581 663 1648 rel
684 1576 866 1658 λαμβόνειν
889 1578 940 1643 rel
960 1578 1073 1645 διδόναι
1093 1584 1266 1662 χρήματα.
1323 1585 1405 1653 Νοιι
1430 1600 1498 1654 esset

319 1710 434 1778 operae
451 1688 590 1777 pretium
612 1688 733 1753 Graece
752 1684 875 1750 discere
894 1684 920 1750 si
938 1686 983 1750 ita
1006 1684 1119 1751 Graeci
1138 1685 1278 1754 luissent
1300 1691 1429 1759 locuti:
1454 1693 1498 1759 sed

318 1793 398 1859 haec
428 1814 558 1882 quoque
585 1805 660 1860 sunt
690 1812 856 1883 aegrorum
878 1802 911 1855 et
932 1787 1135 1857 indoctorum
1155 1792 1337 1863 insomnia.
1388 1797 1498 1865 Nititur

317 1898 451 1963 mirifica
482 1896 561 1964 haec
592 1887 737 1963 doctriua
767 1918 832 1960 uuo
859 1894 933 1983 loco
960 1894 1194 1963 llutosrumus
1219 1921 1334 1989 eoque
1355 1916 1497 1996 corrupto

316 2027 349 2093 p.
371 2005 450 2080 122,
472 2006 525 2068 24.
548 2003 696 2086 ἐκόλαζον
720 2003 746 2068 δ’
766 1998 845 2066 οὕτω
871 2001 925 2065 καὶ
950 2002 1152 2084 ἐτιμωροῦντο
1173 2002 1230 2077 ὀὓς
1256 2007 1497 2089 δωροδοκοῦντας

319 2105 470 2172 αἴσθοιντο
497 2104 556 2175 ὥτε
581 2108 633 2172 καὶ
659 2106 793 2184 sortirer
816 2114 935 2184 ποιεῖν,
970 2104 1028 2171 ubi
1056 2107 1303 2186 δωροδοκοῦντας
1336 2116 1498 2182 manifesto

320 2212 478 2301 significat
501 2213 572 2285 τοὺς
598 2211 851 2295 διαφθείροντας,
886 2209 940 2275 sed
970 2209 1166 2300 adscriptum
1196 2235 1266 2279 esse
1298 2238 1318 2281 a
1351 2218 1498 2289 Graeculo
1540 2231 1541 2278 ;

320 2339 385 2409 quo
416 2326 560 2407 ternpore
589 2318 760 2398 δωροδοκεῖν
793 2313 877 2380 hanc
905 2314 973 2381 vim
1006 2315 1163 2412 halebat,
1198 2331 1289 2384 nuuc
1318 2338 1497 2393 constater

320 2424 442 2515 optimo
463 2422 581 2489 Codice
599 2421 636 2500 S,
661 2422 717 2512 qui
738 2420 823 2486 istud
843 2439 973 2518 quoque
992 2421 1151 2487 emblema
1171 2426 1307 2493 sustulit
1328 2452 1429 2500 unus.
1459 2431 1496 2498 ld
1522 2418 1525 2426 ¹

319 2529 398 2595 haec
418 2530 489 2620 quis
509 2551 601 2617 aegre
621 2527 703 2592 leret
723 2528 748 2592 si
760 2525 898 2624 'dicendi
922 2527 1088 2618 magistros
1109 2536 1141 2592 et
1161 2529 1278 2607 λέξεων
1302 2527 1497 2640 cousuroiur·

321 2645 406 2699 tores
435 2641 640 2698 contemnere
669 2653 722 2696 me
729 2627 875 2710 dixero,
909 2653 990 2721 quos
1020 2633 1094 2697 istas
1123 2632 1266 2723 ineptias
1286 2650 1413 2732 magna
1438 2633 1497 2709 euu

323 2738 478 2829 graritate
506 2738 632 2805 videam
652 2736 803 2805 docentes
824 2748 856 2803 et
877 2736 1101 2803 absurdissima
1123 2761 1272 2831 quaeque
1298 2748 1395 2815 ultro
1414 2771 1497 2846 appe·

324 2858 432 2913 tentes
452 2858 504 2911 aut
526 2844 566 2912 de
585 2866 642 2911 suo
662 2844 841 2934 lingentes?
873 2842 959 2908 Audi
978 2865 1066 2910 nuuc
1084 2866 1194 2912 eorum
1214 2851 1497 2937 ψευδομαρτυρίαι.

323 2951 513 3018 llltstculus
534 2952 702 3031 δωροδοκεῖε
727 2950 830 3014 δίδωτι
845 2949 934 3029 δῶρα
945 2956 979 3012 et
1000 2949 1219 3029 rapotonis-r
1198 2953 1424 3034 τδλαβεῖν
1406 2961 1496 3036 ηδιι·

322 3079 373 3121 ναι
407 3043 497 3134 δῶρα.
547 3053 724 3118 Autumnus
753 3051 930 3147 δωροδοκίαι
963 3049 1042 3126 lire
1071 3053 1153 3126 δόσις
1179 3056 1240 3120 τῶν
1270 3057 1331 3140 δόρ
1407 3063 1495 3137 καὶὴ

325 3164 435 3240 λῆψις.
485 3156 719 3224 Grammaticus
752 3158 906 3229 Brutum
931 3155 1055 3224 Aneed.
1083 3181 1116 3248 p
1137 3163 1217 3238 242,
1237 3164 1293 3227 33.
1327 3084 1495 3248 ἕροδόκοςι

326 3265 380 3331 καὶ
419 3264 557 3337 ὃδιδοδς
585 3263 685 3330 καὶὸ
710 3262 906 3342 λαμβάνων,
940 3286 1023 3353 quae
1047 3255 1192 3328 totidem
1216 3265 1324 3332 uerbis
1355 3268 1498 3362 leguntur

328 3369 412 3461 apud
436 3370 670 3437 Errnctccunr
687 3369 847 3435 Macrum.
896 3369 1044 3435 Tnuttus
1062 3369 1227 3450 δωροδόκοιτ
1251 3372 1354 3437 καὶ
1326 3398 1364 3439 οι
1377 3377 1498 3448 διδόντες

327 3479 407 3560 δῶρα
428 3477 528 3542 καὶ
501 3499 526 3542 οι
547 3460 786 3556 λαμβάνοντες.
836 3471 1318 3571 Schol.dtrlsr.ad1l’qq.rs.
1340 3481 1398 3546 66.
1424 3476 1498 3564 δωρο-

325 3583 426 3648 δοκεῖε
449 3584 504 3664 δωρ
507 3606 529 3646 α
553 3580 730 3679 λαμβόνει.
762 3580 882 3646 τίόεται
910 3582 984 3646 δὲ
966 3607 984 3657 ν
1006 3581 1093 3658 λέξις
1115 3580 1175 3644 καὶ
1193 3581 1245 3647 ἔτι
1269 3589 1328 3648 τοῦ
1352 3587 1496 3660 διδόντος,

327 3698 361 3752 et
378 3711 422 3754 rs.
437 3690 519 3753 834.
542 3674 727 3768 δωροδοκεῖντ
750 3688 783 3750 οὐ
807 3684 898 3764 μόνον
921 3686 957 3750 τό
986 3686 1066 3766 δῶρα
1087 3684 1200 3750 διδόναι
1225 3683 1399 3757 οῖλλοο’κοοὶ
1422 3689 1498 3772 λαμ·

328 3791 450 3872 βαίνειν.
499 3791 556 3857 Isti
577 3812 686 3857 omnes
705 3791 854 3855 nituntur
875 3812 942 3855 uno
961 3791 1034 3856 loeo
1056 3790 1306 3871 Βιιιοειιιιιιιε,
1337 3818 1440 3887 quem
1453 3793 1500 3863 δί.

330 3906 412 3960 serte
433 3895 542 3961 laudat
562 3894 740 3960 Scholiasta
759 3895 924 3961 Pisaurus
943 3895 982 3961 ad
1002 3897 1107 3962 Aloib.
1127 3895 1168 3961 ll.
1189 3922 1222 3986 p.
1247 3901 1310 3964 149
1332 3923 1382 3981 r„
1413 3902 1500 3971 etsie

331 3997 412 4062 haec
440 3999 597 4064 malesana
627 3996 771 4062 doctriua
793 4021 969 4090 numquam
993 4001 1132 4067 convelli
1148 4003 1322 4092 potuisset,
1342 4008 1409 4074 uisi
1429 4030 1501 4075 unus

331 4103 415 4170 liber
432 4104 564 4169 caeteris
583 4099 736 4168 omuibus
751 4103 896 4169 melior
886 4096 1136 4196 rnerspectatam
1155 4132 1248 4200 opem
1274 4112 1422 4181 tulisset:
1445 4134 1502 4207 quo

332 4209 456 4274 cautius
476 4221 598 4276 caetera
618 4208 782 4277 tractanda
804 4220 878 4276 suut
900 4234 983 4300 quae
999 4226 1113 4305 suopte
1129 4216 1259 4306 ingenio
1277 4218 1421 4289 absurda
1437 4228 1502 4289 suut

335 4313 389 4380 sed
410 4313 620 4406 Antiquitatis
638 4337 731 4381 caeca
750 4317 953 4383 veneratione
972 4317 1140 4399 foventur,
1165 4323 1240 4412 quia
1258 4324 1374 4393 doctos
1396 4328 1504 4396 Gram-

332 4421 469 4488 maticos
492 4433 636 4487 auctores
660 4421 781 4488 habent
805 4422 927 4488 scilicet
950 4434 982 4489 et
1005 4435 1108 4490 testes.

379 4527 547 4594 Manifesta
573 4539 699 4592 tenetur
724 4528 786 4594 alia
804 4528 891 4593 fraus
911 4528 1086 4595 scribarum
1108 4541 1140 4594 et
1160 4531 1334 4600 sciolorum
1354 4556 1413 4602 sua
1420 4532 1504 4603 sitia

333 4634 494 4700 veteribus
523 4633 735 4698 affricantium
759 4634 793 4699 in
814 4634 887 4700 loeo
907 4634 1058 4701 Drusrsn
1076 4634 1212 4716 lintre„
1237 4661 1335 4730 quem
1356 4641 1505 4712 Brunca!

333 4738 486 4827 iudicarit
506 4738 561 4807 lv.
582 4746 633 4808 55.
658 4738 715 4806 ubi
734 4740 845 4806 πολλοὶ
867 4741 899 4806 δὲ
920 4740 973 4806 καὶ
991 4740 1136 4821 χρήμασι
1160 4744 1413 4827 δωροδοκηόὲντες
1434 4748 1506 4817 ede·
