3309 5750
877 630 942 693 298

326 829 506 911 ᾠδικώτερον
529 825 630 891 ἄλλον
653 823 740 903 δόξαι
761 820 866 912 [ᾆσαι]
889 823 921 887 ἕν
944 822 987 904 τῷ
1003 819 1182 904 συμποσῖρ,
1208 842 1281 885 uon
1303 818 1508 905 1110111οᾷ111

325 934 457 1017 ᾠδικοῖς,
482 930 535 998 sed
557 929 660 1011 ᾠδικός
682 931 758 1008 εἰμι.
801 927 841 993 In
863 931 921 1006 72,
943 931 994 994 12.
1020 927 1072 1004 ἡδο
1093 930 1111 1004 ἡ
1133 928 1227 1005 γενεὴ
1257 926 1301 1015 [οῖ
1323 932 1384 991 νῦν
1405 925 1506 1009 ἄνδρα·

324 1040 389 1127 ποι]
422 1038 494 1129 quis
522 1037 604 1101 ierat
633 1035 677 1099 ita
705 1032 893 1099 dicentem?
928 1033 1033 1098 llulto
1056 1033 1151 1099 etiam
1171 1032 1305 1122 turpius
1328 1044 1404 1112 est,
1427 1032 1502 1123 quod

324 1145 410 1235 apud
440 1144 667 1209 Tuncrnrorr
695 1140 813 1229 legitur
839 1138 883 1205 ll.
904 1144 958 1206 36.
986 1141 1012 1205 οῖ
1036 1138 1169 1219 πατέρες
1197 1140 1288 1216 ἡμῶν
1311 1138 1500 1218 κτησάμενοι

324 1252 397 1332 πρὸς
421 1247 464 1323 οἷς
488 1249 631 1326 ἐδέξαντο
654 1243 726 1321 ὅσην
751 1245 869 1326 ἔχομεν
892 1245 995 1325 οῖρχὴν
1024 1245 1079 1307 οὐκ
1101 1241 1222 1314 ἄπονος
1250 1244 1335 1319 ἡμῖν
1362 1250 1432 1315 τοῖς
1459 1249 1499 1309 νῦν

324 1354 583 1436 προσκατέλιπον.
616 1352 660 1416 τοὶ
686 1352 717 1416 δὲ
740 1350 838 1415 πλείω
868 1352 966 1424 αὐτῆς
989 1348 1077 1414 αὐτοὶ
1102 1349 1193 1425 ἡμεῖς
1219 1345 1286 1413 οἵδε
1318 1346 1363 1434 [οἱ
1391 1354 1442 1414 νῦν
1463 1346 1498 1413 ἔτι

324 1460 423 1547 ὄντες]
445 1459 571 1538 μοῖλιςα
596 1460 626 1522 ἐν
648 1467 687 1540 τὴ
714 1456 904 1539 καθεςκκυῖρ
928 1455 1036 1538 ἡλικίᾳ
1060 1453 1302 1531 ἕπηυξὴσαμεν,
1336 1454 1398 1520 ubi
1416 1454 1497 1521 rerba

326 1569 352 1632 οῖ
378 1573 431 1631 νῦν
452 1565 497 1630 ἔτι
521 1564 605 1637 ὄντες
633 1564 672 1629 iis
701 1563 774 1628 solis
803 1574 877 1627 suut
905 1562 1016 1640 utilia,
1048 1560 1105 1651 qui
1128 1582 1193 1626 nou
1213 1560 1414 1651 intelligunt
1433 1561 1497 1627 baec

324 1671 498 1736 Paorcuurr
517 1669 623 1733 virum
644 1667 751 1733 dicere
770 1666 810 1733 ad
833 1668 915 1734 eires
934 1690 1023 1747 suos,
1048 1667 1105 1757 qui
1123 1665 1271 1731 nondum
1288 1674 1402 1734 essent
1421 1688 1495 1733 mor·

324 1776 382 1841 tui.
431 1774 627 1863 Magistellus
656 1774 811 1864 explicuit
839 1774 946 1864 pueris
977 1776 1068 1851 ἡμεῖς
1089 1772 1169 1844 οἵδε,
1201 1784 1234 1836 et
1254 1795 1296 1838 ne
1318 1773 1356 1840 id
1375 1773 1495 1864 quiden

325 1880 399 1946 satis
419 1891 520 1957 recle,
545 1880 621 1969 quia
642 1878 720 1946 baec
741 1879 836 1945 rerba
855 1901 920 1945 nou
941 1880 1120 1968 significant
1140 1881 1232 1957 ἡμεῖς
1259 1882 1286 1945 oi
1314 1886 1369 1946 νῦν
1389 1880 1436 1945 ἔτι
1454 1877 1495 1943 ὅν-

325 2010 394 2062 τες,
419 1984 472 2049 sed
495 1987 586 2061 ἡμεῖς
608 1985 634 2048 οἱ
659 1983 764 2048 tradas
786 1983 949 2064 παρόντες.
981 1984 1069 2050 ldem
1092 1979 1220 2075 prorsus
1238 1984 1361 2051 sitium
1377 1984 1496 2074 irrepsit

325 2091 359 2155 in
379 2090 566 2155 Illortrswtt
584 2088 702 2153 111110.
728 2086 816 2154 1111.
837 2091 891 2153 26.
915 2091 1116 2155 Οὐολούσκων
1133 2113 1169 2155 τε
1191 2089 1246 2154 καὶ
1264 2092 1412 2156 Αἰκανῶν
1429 2113 1495 2171 ςριι·

324 2196 395 2262 τιοὶν
430 2195 553 2277 aaron,
586 2192 634 2266 οὓς
660 2197 751 2273 ἡμεῖς
779 2192 843 2261 οἵδε
868 2194 908 2283 [οἱ
933 2201 985 2259 νῦν
1006 2195 1106 2283 ὄντες]
1135 2197 1166 2260 ἕν
1187 2206 1332 2281 πολλαῖς
1359 2199 1492 2275 ἐνικῶμεν
1540 2252 1543 2261 .

326 2301 465 2383 μάχαις.
500 2303 538 2369 ln
564 2300 717 2367 Lucullo
740 2303 797 2378 10,
818 2296 874 2378 15,
895 2306 925 2366 3.
950 2300 1020 2384 ὁρρῖς
1045 2308 1104 2365 τῶν
1125 2300 1256 2381 ἑταίρων
1282 2298 1352 2367 ὅσοι
1372 2301 1441 2383 περὶ
1467 2300 1493 2364 σὲ

326 2410 420 2489 ἐσμὲν
449 2406 527 2483 riba
554 2408 638 2472 male
658 2404 759 2473 Godd.
780 2405 909 2497 quidam
932 2404 1003 2483 ὧδε,
1026 2405 1184 2496 probante
1203 2405 1418 2486 lrcorslmo,
1444 2406 1496 2470 im-

325 2514 535 2607 probantibus
562 2513 704 2603 reliquis.
755 2512 848 2602 Apud
876 2512 1135 2593 Luclsuuuiss,
1156 2516 1206 2578 ll.
1235 2515 1365 2599 οῖκούειν
1396 2508 1492 2602 [εἶναι]

325 2623 426 2687 καλαί
447 2632 551 2685 certus
571 2618 700 2685 dicendi
719 2642 794 2684 usus
811 2618 1006 2684 infinitivum
1027 2619 1157 2709 respuit.
1201 2618 1243 2683 Et
1265 2619 1351 2685 haec
1373 2618 1495 2709 quidem

327 2738 402 2793 suut
429 2726 602 2815 insigniora
632 2725 842 2804 emblemata,
881 2748 963 2815 quae
991 2725 1024 2790 in
1054 2725 1204 2791 Locutio
1234 2724 1496 2816 deprehenderim

327 2846 454 2924 praeter
474 2856 525 2911 ea,
557 2853 639 2921 quae
661 2831 694 2896 in
714 2831 931 2923 superioribus
950 2832 1064 2920 passim
1086 2831 1233 2898 indicari.
1277 2830 1386 2923 Saepe
1410 2831 1496 2898 mira·

329 2950 380 3003 tus
400 2961 470 3002 sum
489 2938 628 3002 virorum
644 2935 811 3002 doctorum
829 2937 862 3001 in
879 2936 945 3000 istis
961 2938 1146 3003 excusandis
1161 2938 1387 3027 pertinaciam.
1414 2935 1496 3023 Quasi

327 3042 440 3132 religio
469 3055 607 3128 essetex
628 3039 729 3108 Codd.
751 3042 901 3132 qualibus
923 3042 1044 3107 utimur
1067 3044 1244 3134 quidquam
1263 3044 1399 3124 delere,
1428 3065 1496 3136 quor

329 3159 454 3212 constet
481 3149 564 3213 iuter
594 3170 703 3213 omnes
731 3146 909 3237 antiquitus
936 3147 998 3211 iam
1025 3146 1279 3214 mendosissimos
1309 3150 1432 3231 luisse,
1459 3151 1495 3214 ita

326 3253 524 3345 ineptissima
556 3274 703 3343 quaeque
730 3251 872 3319 vindices
900 3251 1070 3318 acerrimos
1090 3254 1231 3320 nanc'isci
1250 3255 1379 3336 solent,
1409 3257 1494 3323 etiarn

328 3360 440 3427 doctos
460 3380 703 3448 nonnumquam
724 3371 756 3425 et
774 3371 868 3424 acute
887 3370 1062 3426 cernentes.
1109 3359 1147 3425 ln
1170 3361 1375 3430 Teucroror
1394 3362 1434 3430 V.
1455 3366 1497 3430 61.

326 3467 447 3533 editur:
471 3466 662 3548 ε’ςροῖτευσκν
684 3467 714 3537 ἐς
738 3465 773 3530 τὸ
793 3465 912 3546 ’Άρνος
927 3503 965 3516 -
985 3469 1108 3546 ὑπῆρχε
1126 3467 1158 3532 δέ
1181 3491 1212 3532 τι
1237 3471 1347 3542 αὐτοῖς
1371 3469 1429 3534 καὶ
1458 3469 1497 3558 [ἐκ

325 3579 380 3639 τοῦ
406 3571 558 3658 Ἄργους]
588 3567 714 3634 αὐτόθεν
738 3568 967 3650 πρασσόμενον,
1007 3570 1063 3635 ubi
1092 3572 1217 3662 puerile
1244 3573 1496 3641 additamentum

327 3681 361 3744 ἐκ
385 3683 439 3743 τοῦ
461 3678 598 3756 ’Άργονς
630 3695 827 3763 quamquam
858 3684 891 3738 et
919 3696 956 3740 er
985 3697 1017 3740 se
1046 3675 1148 3766 ipsum
1179 3676 1324 3766 arguitur
1350 3690 1383 3744 et
1410 3680 1498 3770 plane

329 3782 499 3874 conficitur
529 3777 661 3844 Scholio
689 3776 862 3843 αὐτόθενι
895 3781 930 3842 ἔκ
960 3785 1014 3844 τοῦ
1043 3781 1198 3862 Ἄργους,
1221 3793 1336 3869 ¹tamen
1362 3785 1497 3851 fautores

328 3890 437 3956 habet.
483 3886 522 3950 lu
541 3884 765 3950 Doncsrnttrtl
785 3907 816 3972 p.
842 3886 915 3963 147,
938 3887 967 3949 1.
990 3884 1029 3950 ῖιν
1052 3887 1109 3964 μὲν
1129 3889 1218 3966 ὑμεῖς
1239 3890 1437 3968 ὁμοθυμαδὸν
1456 3893 1498 3981 [ἐκ

327 3997 404 4072 μιιῖς
421 3988 560 4073 γνώμης]
579 3986 733 4050 Φίλιππον
748 3985 922 4063 ἀμύνησθε,
943 3989 1077 4054 Loosscx
1095 3991 1500 4087 οι1Ρ11111111011111ρ.751.

329 4094 529 4162 emblematis
548 4088 762 4181 patrocinium
781 4091 923 4182 suscipit.
964 4092 1232 4166 tsrcrrmmun
1252 4102 1353 4168 miror
1373 4105 1416 4169 ad
1438 4105 1500 4170 111·

330 4209 489 4267 rtoooru'u
509 4198 565 4264 11.
587 4200 662 4263 135.
687 4195 914 4264 defendentem
934 4211 968 4265 et
988 4212 1131 4269 tuentem
1152 4205 1186 4270 in
1207 4207 1341 4274 Hellen.
1365 4209 1439 4279 Vll.
1460 4229 1500 4279 rr.

329 4313 382 4375 36.
406 4309 437 4372 ἐν
463 4315 502 4388 τῇ
526 4303 637 4387 Τεγέᾳ
660 4303 756 4368 αὐτοῦ
783 4315 815 4369 ct
835 4319 1074 4398 comparantem
1097 4310 1194 4375 αὐτοῦ
1214 4302 1360 4388 'Attianae
1393 4316 1499 4383 Taro-

329 4430 431 4482 rorrrr
455 4409 582 4476 Arnon.
603 4406 672 4475 llll.
691 4431 724 4499 p.
742 4410 807 4475 532
827 4429 858 4479 c.
880 4415 958 4480 ταδ
982 4439 1078 4481 avrea
1093 4416 1264 4482 κατέλιπεν
1281 4418 1391 4505 (scrib.
1409 4419 1501 4488 aare

328 4520 451 4609 λειπεν)
473 4517 634 4591 'Attum
660 4528 691 4580 et
720 4515 864 4583 11101111
887 4520 982 4585 verba
1004 4523 1039 4597 7',
1059 4527 1089 4587 8.
1113 4519 1172 4592 τοῖς
1195 4521 1328 4595 οῖποέτας
1355 4525 1417 4599 τοῖς
1443 4550 1502 4592 τοι·

330 4629 431 4699 μύσας
457 4620 656 4700 συμποτικοῖς
689 4622 783 4696 οὔσας
810 4624 879 4704 ,χρὴ
907 4627 1004 4690 αὐτοῦ
1030 4627 1061 4690 ἐν
1086 4627 1128 4707 τῷ
1157 4628 1320 4710 συμποσίῳ
1349 4629 1501 4696 καταλεί-

332 4756 435 4810 πειν,
453 4727 571 4820 quibus
599 4727 700 4794 multo
728 4729 844 4798 similia
868 4728 905 4797 el
925 4727 1052 4796 Graecis
1072 4744 1105 4797 et
1124 4731 1276 4805 Romanis
1295 4734 1504 4825 scriptoribus
