3309 5750
855 644 921 707 236

298 845 426 933 irreptus
442 839 579 929 scriptor
600 836 783 917 iluimus,
802 837 859 928 qui
878 835 1058 927 saepissime
1077 836 1121 903 its
1136 836 1235 917 solet,
1252 837 1328 918 ride
1349 841 1483 907 omuino

301 947 475 1012 vrrrsrorr
493 956 525 1009 et
547 942 836 1009 Heusrsnnosnrn
853 943 889 1008 ll.
910 941 961 1020 n,
980 940 1066 1007 unde
1086 941 1229 1033 pendent
1246 945 1398 1012 caeteri„
1417 946 1483 1011 Ad-

299 1054 373 1120 dom
388 1051 468 1118 duos
480 1049 582 1127 locos,
594 1071 730 1138 quorum
742 1050 879 1115 alterum
891 1046 1028 1112 editores
1038 1047 1345 1136 pessumdederunt,
1358 1050 1486 1117 librarii>

304 1162 451 1227 alterurn.
486 1156 524 1222 In
541 1157 760 1222 Minnunotus
779 1156 959 1245 fragmento
974 1154 1061 1244 opud
1075 1152 1246 1220 Iosnruuu
1260 1160 1299 1220 in
1317 1154 1486 1246 Apionem

300 1266 326 1333 l.
346 1270 402 1332 26.
423 1263 546 1330 editur:
572 1264 597 1327 oi
620 1264 651 1327 δὲ
673 1270 853 1341 Σολυμῖται
877 1259 1082 1330 κατελθόντες
1105 1260 1160 1324 σὺν
1184 1268 1249 1332 τοῖς
1271 1270 1401 1342 μιαροῖς
1426 1267 1482 1327 τῶν

303 1370 488 1450 Αἰγυπτίων
513 1365 607 1438 οὕτως
633 1367 761 1437 οὶνοσόως
786 1372 852 1437 τοῖς
878 1364 1043 1444 ἀνθρώποις
1067 1365 1322 1445 προσηνέχθησαν
1347 1364 1411 1435 dies
1432 1367 1484 1441 την

300 1482 360 1542 τῶν
396 1473 616 1556 προειρημένων
648 1470 1017 1553 κρότησινχειρόςην
1046 1468 1213 1551 Φαένεσθαι
1239 1478 1306 1541 τοῖς
1334 1470 1413 1536 τότε
1440 1469 1481 1535 σθ

301 1581 417 1645 τούτων
446 1577 647 1655 ἀσεβήματα
672 1576 842 1653 θεωμένοις.
891 1572 1039 1638 dhsurda
1059 1573 1379 1663 seripturn'xrrpr'enr
1404 1576 1482 1671 Φαό.

301 1687 405 1750 νεσθαι
436 1682 684 1746 Hrvrrrrnrro
713 1679 866 1756 debetur,
902 1680 957 1768 qui
989 1679 1077 1768 quod
1108 1679 1141 1742 in
1170 1678 1259 1744 libris
1290 1690 1340 1743 est
1361 1682 1479 1760 χρυσόν

274 1769 277 1780 ¹
301 1788 471 1869 φαίνεσθαι
498 1787 531 1851 in
557 1785 644 1851 hune
666 1785 798 1851 modum
817 1785 963 1850 eorrerit.
999 1782 1181 1850 Gorreetor!
1201 1806 1329 1875 prorsus
1353 1792 1484 1851 contras

303 1894 386 1957 rium
413 1892 533 1957 iuverit
561 1914 658 1981 quarn
692 1891 779 1981 quod
808 1891 946 1981 scriptor
971 1877 1102 1956 dederat
1131 1902 1163 1956 et
1189 1892 1416 1982 incorruptum
1441 1890 1479 1956 ad

303 2021 361 2064 nos
391 2008 589 2087 pervenerat.
647 1995 766 2063 Contra
796 2009 845 2062 est
872 1998 906 2063 in
937 1996 1095 2062 Dlonrsto
1127 1997 1317 2065 Hsntctntu
1350 1998 1405 2065 ΙΧ.
1435 2002 1481 2065 25

304 2105 382 2191 (τοῖς
422 2101 567 2188 όποέτοις)
606 2104 619 2165 ό
657 2104 730 2184 πρός
764 2104 836 2175 τοὺς
869 2104 1039 2182 Τυρρηνοὺς
1071 2102 1208 2182 πόλεμος
1244 2104 1353 2169 καίτοιΙ
1377 2106 1480 2185 μέγας

302 2209 355 2274 καὶ
380 2208 527 2289 χαλεπός
549 2207 586 2271 θον
607 2208 747 2286 χρηςός
769 2204 917 2288 tostino
938 2208 1025 2288 παρόν
1047 2208 1099 2273 τόν
1116 2209 1200 2280 ἐντός
1223 2208 1353 2290 τείχους
1373 2212 1481 2289 ἐξεταε

301 2312 446 2395 ζθμενος,
472 2311 532 2375 ubi
550 2312 665 2391 χρυσός
691 2310 838 2393 ἐφαίνετο
861 2311 1097 2378 emendandum
1117 2336 1184 2379 esse
1203 2336 1300 2379 nemo
1321 2318 1478 2406 ambiget,

302 2418 359 2507 qui
390 2418 439 2484 rel
472 2418 642 2484 Vstesrorr
671 2417 842 2507 insperorit
875 2418 925 2483 rel
956 2419 1253 2487 flsnsrsnnosrorr.
1288 2427 1429 2504 Χρυσοῦς
1450 2435 1480 2488 et

297 2524 420 2606 χρηςός
445 2525 477 2589 iu
504 2524 597 2591 codd.
621 2524 765 2591 Luclrrtl
788 2524 920 2589 confuse
944 2537 1018 2589 sunt
1045 2528 1106 2604 19,
1133 2529 1160 2591 1.

348 2631 387 2696 ln
413 2628 567 2697 Chorene
581 2634 639 2709 12,
654 2634 704 2697 11.
724 2632 821 2705 δεινόν
842 2653 914 2694 τινα
929 2630 1035 2708 λέγεις
1056 2636 1116 2695 τῶν
1132 2631 1294 2712 ἀνθρώπων
1308 2636 1367 2707 την
1381 2634 1481 2712 οὶβελ-

303 2735 407 2814 τερίαν
432 2733 459 2801 οἳ
477 2741 621 2801 τοσοῦτον
641 2734 739 2815 ἔρωτα
766 2736 886 2815 ἐρῶσιν,
917 2734 987 2822 lege
1007 2737 1032 2799 εἱ
1048 2740 1191 2799 τοσοῦτον
1211 2735 1253 2801 ei.
1269 2738 1290 2821 -§
1314 2740 1368 2803 12.
1386 2739 1479 2803 etsie

304 2838 418 2906 solent·
442 2840 476 2905 in
497 2846 514 2928 §
539 2843 587 2904 19.
608 2837 820 2920 ἐξερρόγησοιν
843 2838 877 2904 iu
898 2837 1104 2920 διερροόγησαν
1125 2839 1381 2922 emendandum,
1406 2842 1478 2909 bul·

303 2946 353 3010 lae
380 2968 445 3010 non
476 2952 651 3035 erumpunt
670 2942 724 3008 sed
745 2942 1022 3034 disrumpuntur:
1041 2955 1111 3009 turn
1129 2947 1235 3011 stetirn
1255 2946 1327 3038 iege
1348 2952 1429 3014 πῖοσι
1453 2951 1478 3014 δ’

304 3045 353 3114 νόν
377 3050 580 3130 διαρραγῆναι
607 3050 783 3125 οέναγκαῖον
810 3070 869 3138 pro
892 3051 1120 3130 erroneorum.
1150 3070 1191 3116 ne
1212 3051 1339 3119 dubites
1359 3053 1480 3145 inspice

303 3156 390 3241 521.
412 3153 446 3228 ἢν
473 3152 525 3216 καὶ
548 3151 587 3215 σὺ
609 3152 768 3232 κεκραγὼς
794 3153 983 3235 διαρραγῇς,
1005 3153 1061 3218 ubi
1087 3158 1295 3248 perantiquus
1317 3158 1423 3226 Codex
1443 3161 1481 3227 Β.

301 3259 494 3338 οόναρραγῆις
525 3268 645 3335 serrat,
680 3256 767 3346 quod
790 3257 964 3324 absurdum
986 3272 1043 3325 est.
1092 3262 1192 3346 Quem
1214 3265 1310 3331 facile
1331 3279 1364 3332 et
1383 3289 1479 3357 quam

302 3384 396 3452 saepe
418 3364 445 3428 δι
465 3375 497 3429 et
517 3364 552 3440 ἐξ
571 3375 626 3428 aut
646 3375 871 3454 permutentur
888 3376 943 3429 out
964 3367 1047 3432 mole
1066 3369 1261 3458 copulentur
1279 3393 1375 3461 supro
1397 3371 1479 3437 indi·

303 3469 462 3534 oorirnus:
498 3492 594 3558 quern
621 3492 713 3535 usum
744 3469 840 3536 huius
868 3470 914 3536 rei
940 3472 1120 3539 observatio
1139 3477 1172 3540 in
1194 3477 1349 3553 Locrrro
1365 3477 1479 3545 habear

302 3564 391 3640 nuno
416 3576 525 3665 paucis
552 3575 717 3642 ostendam
764 3575 1018 3643 contunduntur
1051 3583 1110 3657 13,
1144 3584 1193 3646 14.
1218 3583 1426 3663 διηγουμένων
1446 3596 1479 3650 et

304 3679 534 3758 ἐξηγουμένων,
559 3693 595 3746 ut
622 3684 686 3760 32,
711 3685 764 3747 40.
789 3683 802 3747 ό
827 3683 922 3764 μηρός
947 3686 1042 3748 αὐτοῦ
1065 3692 1200 3766 χρυσοῦς
1220 3688 1361 3770 έξεφοένη
1376 3702 1430 3758 est
1447 3691 1480 3756 iu

304 3783 378 3864 BG,
402 3785 534 3867 διεφόνη
565 3787 599 3852 iu
628 3788 775 3853 coeteris:
805 3787 888 3852 illud
914 3787 1070 3868 editores,
1100 3790 1162 3856 hoo
1184 3816 1243 3883 ego
1264 3795 1482 3883 praetulerim.

304 3889 381 3954 ibid,
404 3892 422 3974 §
441 3893 493 3954 61.
512 3891 764 3972 διεξελέγχουσα
784 3893 817 3956 in
837 3895 969 3957 caeteris
986 3907 1052 3975 est,
1070 3896 1104 3961 in
1123 3921 1189 3964 uno
1201 3892 1239 3965 B.
1257 3901 1483 3982 διελέγχονσα.

305 4006 444 4082 praestat
478 3995 610 4060 sortasse
643 3996 874 4076 ἐξελέγχουσα.
905 3998 1021 4067 deinde
1050 4008 1111 4084 56,
1146 4011 1176 4072 6.
1204 4007 1392 4079 πιςεόοντας
1417 4015 1482 4080 τοῖς

305 4098 379 4178 πρὸς
408 4099 443 4162 τό
468 4102 573 4183 μεῖζον
594 4099 695 4168 troes
717 4102 934 4182 ἐξηγουμένοις
955 4108 1076 4199 corrige
1095 4112 1316 4192 διηγουμένοις.
1366 4112 1482 4193 11159,

300 4208 359 4281 23.
380 4225 438 4290 pro
460 4204 598 4284 ἐξέρρηξε
618 4205 753 4296 pessime
773 4221 820 4273 est
840 4209 875 4274 in
894 4234 958 4278 uno
978 4213 1061 4280 libro
1082 4217 1234 4298 διέρρηξε,
1252 4230 1322 4284 tum
1342 4222 1405 4298 73,
1427 4223 1481 4288 22.

309 4305 595 4410 τὶόεένὶεωρῑίιηοε
625 4312 722 4378 libros
751 4314 916 4382 dissentire
949 4318 982 4384 in
1013 4320 1179 4394 διελθόντος
1206 4335 1239 4388 et
1263 4324 1481 4402 διεξελθόντος·

305 4411 453 4503 Denique
484 4415 518 4481 in
549 4418 588 4481 V
585 4415 852 4488 eris'Hisloriz‘s
881 4427 940 4503 26,
973 4429 1023 4491 15.
1051 4447 1109 4514 pro
1135 4429 1308 4507 προσέταξε
1334 4424 1483 4512 διυφῆναι

306 4517 429 4608 corrige
462 4520 651 4601 προσέταξεν
677 4524 841 4607 ἐξυφῆναι.
889 4527 928 4593 In
947 4529 964 4612 §
987 4533 1039 4595 21.
1061 4529 1212 4599 dicuntur
1230 4533 1326 4625 pauci
1347 4535 1482 4626 quidam

306 4624 464 4716 sopientes
483 4627 790 4704 οέτοσποόσαντες
810 4637 870 4698 τῶν
892 4635 1016 4700 πολλῶν
1038 4643 1228 4716 καταγελᾶν
1248 4645 1308 4706 τῶν
1329 4641 1482 4722 γιγνομέ·

306 4755 390 4811 νων,
407 4720 542 4798 emenda
565 4721 763 4809 θποτθνσεςε·
873 4748 875 4753 “
1132 4734 1135 4738 ’
1186 4737 1188 4740 ’
1333 4758 1338 4765 ·
1392 4739 1394 4745 ’
