3309 5750
851 624 916 694 212

291 829 463 919 lorumque
482 823 743 893 vilissimoruml”
777 816 867 890 llaec
884 809 983 895 illa.¹¹
1023 811 1193 889 Caeterum
1213 819 1313 888 πίνειν
1333 819 1419 897 πινίς
1439 835 1472 892 et

189 917 191 922 ’
290 931 547 1017 oportunetate
569 932 842 998 satisuotasunt.
885 929 962 1014 Quis
982 928 1083 995 nescit
1103 928 1225 995 dietum
1245 926 1469 997 Callisthenis:

289 1042 322 1105 οὔ
334 1039 492 1118 βούλιμοιι
509 1036 715 1118 Ἀλεξάνδρου
728 1037 804 1101 πιὼν
819 1038 1014 1111 Ἀσκληπιοῦ
1031 1035 1170 1100 δεῖσθαι’.)
1190 1034 1484 1125 itaque-Lucuto'

289 1144 459 1211 reddemus
488 1143 633 1223 προῦπιον
659 1146 714 1206 τοῦ
744 1140 895 1221 ήμετίριυ
919 1131 1017 1205 θεοῦ.
1047 1135 1084 1203 ln
1112 1142 1207 1225 642.
1227 1162 1287 1229 pro
1309 1139 1470 1222 αίρεσίαι,

289 1249 377 1342 quod
405 1271 470 1314 uon
500 1259 547 1313 est
578 1245 673 1312 huius
702 1245 786 1324 loci,
818 1256 874 1311 aut
893 1245 1086 1324 οίναιρεῖιίιιι
1113 1244 1286 1335 legendum
1307 1256 1367 1311 aut
1384 1239 1473 1338 quod

289 1354 389 1420 coder
408 1374 491 1417 unus
507 1350 691 1441 suppeditat
706 1350 883 1415 ἀνελέσθαι.
909 1347 1067 1438 Perpetua
1083 1361 1130 1414 est
1146 1348 1179 1414 in
1195 1348 1287 1415 libris
1298 1350 1473 1422 terbomm

289 1461 440 1541 αἱρεῖσθαι
461 1469 494 1523 et
512 1458 649 1537 αίρεσήιιι
670 1452 834 1542 conlusio,
850 1455 941 1520 euius
960 1454 1007 1520 rei
1025 1476 1127 1545 pauca
1146 1454 1305 1546 quaedam
1325 1456 1369 1523 de
1383 1452 1471 1526 mul·

289 1547 342 1631 tis>
355 1562 501 1654 exempla
522 1561 613 1640 ride,
639 1582 677 1626 ae
695 1561 836 1651 primum
857 1558 989 1650 quidem
1011 1560 1087 1650 quia
1110 1572 1175 1627 tarn
1194 1560 1406 1631 manifestum
1426 1577 1472 1632 est

289 1669 411 1759 inspice
439 1666 623 1732 lssruurcur
649 1667 755 1729 ottom
784 1664 1004 1754 Pythagorae
1030 1666 1048 1749 §
1078 1666 1154 1732 232.
1181 1664 1237 1731 ubi
1257 1664 1472 1760 philosophus

289 1774 462 1867 praecipit:
496 1772 610 1854 ἔχθραν
642 1770 753 1836 ἑκόντα
784 1771 843 1849 μὲν
876 1764 1035 1849 μηδέποτε
1063 1772 1278 1853 αἱρεῖσθαι,
1309 1771 1472 1855 ὀίριίμινον

290 1883 321 1947 δὲ
355 1879 457 1958 μένειν
490 1879 622 1953 εὐγενῶς
655 1876 685 1939 ἐν
715 1875 758 1955 τῷ
791 1875 1008 1953 διαπολεμεῖν.
1040 1876 1149 1966 ecquis
1174 1877 1304 1968 negabit
1329 1878 1470 1962 aripertus

290 2005 403 2052 terum
432 1980 526 2046 essel
576 1977 671 2069 opud
696 1978 866 2046 llruusru
886 2004 918 2070 p
944 1982 1026 2060 178,
1051 1984 1105 2048 25.
1125 1983 1262 2063 πόλεμον
1281 1982 1448 2065 αρασίαι
1438 2006 1472 2049 ιιι

293 2085 441 2157 omuibus
469 2098 535 2165 est,
569 2086 709 2176 optimus
738 2085 882 2151 omniurn
912 2079 947 2152 S.
969 2086 1083 2153 vitiose
1108 2090 1175 2169 αίρε
1163 2089 1260 2153 ῖσίοιι
1288 2087 1412 2169 habet,
1439 2102 1471 2159 et

292 2219 325 2288 p.
350 2198 432 2272 207,
455 2196 509 2257 26
530 2215 599 2282 pro
612 2188 749 2269 πόλεμον
772 2190 946 2273 πιομένους
966 2191 1058 2258 ind.
1075 2191 1108 2259 S.
1127 2180 1324 2274 αἱρουμένους
1332 2195 1487 2325 leqitur.¹

293 2300 331 2365 ln
343 2303 369 2386 §
395 2302 447 2365 43.
471 2299 680 2363 ἐπεκαλοῦντο
702 2295 811 2373 doni*
781 2320 843 2369 ειν,
860 2297 991 2386 corrige
1008 2297 1136 2375 βοηθούς
1157 2308 1190 2363 et
1210 2300 1228 2383 §
1250 2299 1342 2365 46.’
1319 2300 1472 2369 αποίντιιν

293 2404 388 2473 κακόν
404 2426 463 2495 pro
483 2406 596 2467 κακῶν.
620 2398 787 2490 denique'
778 2421 812 2464 m
829 2399 950 2465 ultimis
967 2399 1072 2467 serbis
1088 2404 1106 2487 §
1125 2404 1177 2470 48.
1190 2417 1255 2468 nou
1270 2408 1473 2474 conseruato

292 2510 439 2583 τοιούτοις
458 2512 567 2590 σοφοῖς
587 2504 718 2571 dederat
738 2504 866 2596 lepidus
885 2506 1039 2598 scriptor,
1055 2507 1110 2573 sed
1125 2506 1342 2589 festivissime,
1360 2510 1473 2592 credo,

293 2610 449 2688 τιοοιίτοις
473 2617 595 2695 σοφοῖς.

340 2717 495 2811 Sequitur
521 2716 655 2783 libellus
686 2715 753 2798 περὶ
785 2724 843 2793 τής
879 2716 990 2799 Συρίης
1028 2720 1095 2785 θεοῦ
1130 2722 1286 2811 scriptus,
1319 2721 1346 2786 ai
1375 2721 1473 2789 Musis

295 2826 421 2918 placet,
444 2823 555 2891 lonico
576 2820 617 2888 ab
638 2843 676 2887 eo
697 2816 879 2914 quinoque
899 2821 1010 2891 lunice
1029 2826 1103 2892 satis
1122 2826 1241 2893 sciebat
1260 2849 1368 2919 neque
1388 2840 1474 2898 recte

295 2945 329 2998 et
358 2929 519 3019 eleganter
548 2926 687 2993 scribere
713 2939 768 2992 aut
797 2928 876 2994 scite
905 2941 937 2994 et
967 2943 1099 2998 venuste
1125 2955 1253 2999 narrare
1276 2945 1332 2999 aut
1353 2935 1474 3025 lingere

297 3057 451 3126 umquam
479 3032 644 3098 didicerat.
693 3029 794 3116 Quam
815 3032 897 3099 ben'e
915 3033 1030 3102 Ionios>
1044 3038 1162 3104 scribat
1183 3040 1233 3106 sel
1248 3038 1354 3106 obiter
1372 3040 1475 3131 inspi-

298 3140 396 3208 cienti
416 3137 592 3230 apparebit.
640 3136 1001 3229 Turpissimum'ritium
1022 3155 1070 3210 est
1090 3147 1108 3230 §
1131 3143 1215 3210 36.t
1237 3146 1382 3227 οίρχιρεὺς
1398 3146 1472 3212 ἐπε-

298 3245 402 3331 ·ρὲεταί
424 3270 492 3327 μιν,
522 3244 709 3311 meminerat
731 3267 764 3310 se
791 3244 897 3336 legere
914 3245 1044 3327 ήρόμην,
1065 3247 1150 3340 apud
1171 3248 1384 3315 llnaouorutr
1398 3249 1474 3332 είρί·

298 3378 380 3434 μην,
409 3363 443 3418 et
471 3351 644 3432 ἐπηρίμην,
678 3350 842 3433 ἐτειρόμην
878 3361 910 3417 et
944 3351 1082 3419 credidit
1108 3354 1170 3419 sibi
1192 3354 1288 3449 licere
1306 3353 1473 3436 ἕπερέομαι

299 3459 414 3525 dicere.
461 3457 537 3524 Non
561 3449 675 3535 tomen·
695 3455 792 3522 credo
807 3472 895 3524 -eum
918 3459 936 3542 §
962 3461 1011 3524 17.
1031 3460 1191 3551 scripsisse
1210 3457 1476 3571 ήρήιατσ,ἰριιἰιι1

298 3558 457 3655 'siguificat
488 3563 626 3642 ηιίξαισ,
661 3584 720 3653 pro
745 3563 902 3646 ήροίσατο,
928 3575 1022 3653 qu'ae
1035 3565 1138 3631 forma
1154 3562 1329 3630 Homerica
1348 3577 1398 3632 ιιι
1415 3589 1476 3657 pro

297 3672 426 3754 ήριίσήη
474 3669 513 3734 In
532 3671 599 3756 62.
619 3671 679 3758 pro
698 3663 850 3746 ιίποδέξαι
871 3670 999 3759 requiro
1020 3663 1210 3750 corallius,
1231 3676 1300 3758 ets
1323 3673 1375 3738 10.
1390 3671 1476 3754 ίρταί

300 3776 353 3842 καί
377 3775 566 3856 πανημυριες
592 3774 853 3853 καταδεδὲχατοοι
874 3797 932 3865 pro
953 3776 1201 3858 ἀποδεδέχαται.
1227 3778 1296 3865 64.
1321 3776 1478 3855 ἐτίμησαν

300 3898 360 3970 pro
383 3881 584 3958 ἐτιμήσαντο.
608 3881 670 3966 66.
696 3877 781 3941 κατὰ
804 3880 931 3957 μνήμην
952 3902 1010 3971 pro
1033 3883 1169 3960 μνήμην.
1217 3880 1257 3946 lu
1278 3882 1361 3969 618.
1382 3880 1479 3960 ὃμὲν

299 3981 358 4049 ’ὦδε
390 3982 503 4060 sors.
525 3983 579 4046 lev
604 3982 725 4055 ἐδέετο,
753 3981 929 4048 emende’
898 3989 1100 4064 opressus,
1122 4008 1187 4077 quo
1208 3985 1308 4054 verbo
1330 3984 1481 4089 Graeculi

301 4294 358 4379 ἐι)
375 4313 450 4363 ιιι
463 4326 532 4379 pars
534 4312 684 4365 ιιιοιιοηιι
702 4300 731 4364 ιι
739 4314 886 4367 suarm
902 4317 993 4382 saepta
1006 4323 1045 4368 ιιι
1058 4332 1075 4367 ι
1088 4317 1233 4378 monachis,
1248 4331 1356 4383 quorum
1369 4317 1485 4373 insama
1505 4335 1512 4348 =

299 4404 328 4448 et
349 4397 462 4458 inficetas
484 4397 659 4449 annotationes
681 4399 786 4463 barbaro
808 4416 923 4462 sermone
947 4402 1052 4466 scriptae
1069 4402 1189 4466 indiguos
1206 4411 1266 4452 sunt
1281 4417 1348 4468 quae
1364 4405 1481 4456 ιᾱιιιιιι.

300 4482 392 4555 Neque
409 4481 581 4565 interpretutio
598 4485 712 4535 Lucrum
729 4500 811 4552 neque
826 4487 970 4558 emendatio,
983 4488 1120 4554 quidquam
1134 4503 1168 4538 ex
1182 4488 1213 4538 iis
1226 4488 1367 4539 adiuvetur.
1383 4488 1482 4551 uuam
1522 4531 1527 4542 .

304 4568 365 4619 boni
382 4569 709 4636 criticismtvrdepluu.
727 4556 876 4633 laccorum,
893 4573 937 4622 ubi
954 4572 1108 4638 nescioquis
1121 4571 1223 4636 corrigit
1236 4571 1314 4623 rao·
1270 4588 1331 4629 ιιως
1346 4572 1482 4643 ἀραιιιισιι

303 4652 351 4704 τὸν
339 4637 520 4706 veternosos
540 4668 586 4721 pro
609 4655 742 4728 torpores
765 4658 827 4775 (27
846 4655 900 4727 26.)
923 4640 1010 4726 quud'
1012 4661 1191 4724 quemquem
1189 4649 1324 4758 herbarum
1341 4664 1380 4711 est
1397 4655 1481 4753 ¹t'aruerr

300 4740 439 4794 {euentu
445 4719 595 4808 recepit«
694 4742 699 4757 ¹
1142 4778 1144 4782 -
