3309 5750
774 652 844 716 ,173

216 845 331 939 peritia
361 844 486 913 Codicis
516 844 629 909 inilia
650 856 740 934 parte
766 844 852 909 unici
876 846 1047 936 scripturas
1068 846 1259 936 excerpserit
1280 849 1312 912 et
1333 846 1391 912 de*

217 953 393 1044 scripserit,
417 950 502 1041 quod
523 950 548 1014 si
566 949 668 1038 perite
690 961 721 1013 et
743 947 915 1039 diligenter
936 951 1063 1017 fecisset
1083 952 1234 1042 equidem
1252 953 1392 1031 facinus,

218 1082 282 1148 quo
311 1080 377 1123 non
408 1069 454 1121 est
475 1055 582 1133 aliud,
610 1066 645 1119 ut
664 1056 732 1144 ipse
751 1055 892 1135 iocatur,
919 1058 1016 1156 magis
1038 1066 1170 1135 atrum,
1193 1058 1266 1123 satis
1286 1080 1389 1147 aequo

218 1164 323 1228 animo
353 1163 433 1227 ferre
466 1183 600 1251 possem.
647 1160 742 1225 Nunc
762 1174 873 1226 contra
894 1174 958 1227 est:
991 1161 1196 1229 Constemus
1216 1176 1251 1229 ut
1271 1164 1391 1253 ingenii

217 1270 385 1334 velocitate
424 1280 455 1332 et
492 1267 657 1331 feracitate
694 1266 776 1330 valet
810 1278 842 1331 et
871 1266 1017 1332 acumine
1048 1268 1158 1332 iudicii
1192 1281 1224 1334 et
1261 1268 1391 1360 pulchri

215 1397 307 1440 sensu
338 1387 370 1440 et
401 1375 434 1438 in
463 1373 632 1438 scribendo
654 1394 762 1437 omnes
785 1371 881 1437 habet
900 1396 1029 1438 veneres
1053 1374 1263 1464 leporesque,
1287 1377 1334 1441 sic
1356 1375 1389 1440 iu

216 1501 250 1544 re
273 1479 486 1545 Grammatica
506 1479 677 1567 plumbeus
699 1490 764 1556 est,
795 1478 903 1544 tardus
925 1480 1068 1545 discendi
1087 1481 1170 1545 ferre
1193 1482 1335 1545 laborem
1358 1493 1389 1546 et

216 1580 412 1663 meditandi,
443 1606 501 1648 nec
520 1584 670 1648 diuturna
691 1583 909 1649 observatione
940 1586 1127 1652 Graecitatis
1147 1609 1241 1652 usum
1260 1608 1389 1652 omnem

217 1702 249 1755 ct
270 1691 424 1755 rationem
447 1691 487 1755 ita
512 1690 649 1755 habebat
673 1702 890 1780 perspectam,
924 1703 960 1755 ut
981 1715 1091 1757 seraa
1111 1692 1216 1770 falsis,
1249 1692 1349 1781 proba
1372 1714 1390 1754 a

216 1796 329 1885 spuriis
358 1807 446 1860 certo
467 1795 585 1860 iudicio
608 1795 786 1861 discernere
809 1809 927 1887 posset.
974 1795 1088 1887 ltaque
1110 1796 1239 1887 ingenio
1258 1808 1391 1887 potens,

216 1913 282 1966 arte
312 1913 343 1967 et
374 1902 506 1965 scientia
533 1902 734 1980 imbecillus,
765 1925 828 1967 non
856 1903 881 1967 is
901 1915 966 1967 erat
990 1905 1043 1967 eui
1067 1903 1185 1992 codicis
1205 1901 1388 1968 excutiendi

214 2019 247 2073 et
276 2007 478 2073 describendi
508 2010 672 2098 negotium
703 2020 789 2074 recte
813 2009 956 2073 mandari
978 2022 1093 2099 posset.
1133 2008 1286 2076 Codieem
1307 2007 1389 2071 Flo·

215 2120 383 2179 reatinum
415 2114 511 2203 igitur
542 2126 605 2179 tam
635 2114 835 2203 negligenter
862 2114 1016 2192 excussit,
1042 2128 1106 2179 tum
1127 2114 1275 2203 imperite
1292 2113 1391 2202 legit,

216 2231 252 2285 ut
279 2221 312 2284 in
342 2244 378 2285 ea
407 2231 516 2311 parte,
550 2243 647 2310 quam
675 2243 739 2285 nou
761 2219 895 2298 delerit,
918 2221 1093 2309 permultas
1115 2221 1214 2286 bonas
1235 2220 1390 2285 lectiones

216 2326 406 2415 neglexerit,
440 2338 471 2390 ct
500 2337 607 2389 contra
640 2325 822 2413 complures
853 2323 1004 2388 absurdas
1040 2322 1152 2390 codici
1183 2325 1390 2415 imputaverit

216 2432 273 2496 ubi
302 2431 383 2495 nihil
417 2444 483 2496 crat
516 2443 676 2508 erratum,
709 2430 804 2495 modo
839 2430 1009 2518 diligenter
1035 2441 1066 2493 et
1090 2432 1191 2495 oculis
1212 2431 1390 2495 exercitatis

216 2537 358 2627 legisset3
384 2536 416 2602 in
436 2561 473 2603 co
494 2537 582 2613 loco,
607 2560 703 2627 quem
724 2536 789 2601 fere
807 2548 910 2600 totum
932 2535 1164 2626 pessumdedit,
1183 2537 1391 2625 compluscu-

215 2643 261 2709 las
282 2643 434 2708 lectiones
456 2641 550 2706 falsas
570 2653 602 2706 et
622 2643 745 2731 ineptas
769 2642 959 2731 protulerit,
990 2665 1068 2731 quas
1091 2643 1151 2707 sibi
1171 2643 1254 2707 risus
1275 2653 1322 2707 est
1343 2641 1391 2706 ri-

217 2747 307 2826 dere,
338 2746 391 2812 sed
421 2770 499 2837 quas
527 2748 601 2812 satis
630 2759 762 2837 apparet
783 2748 924 2813 eiusdem
946 2749 1065 2813 farinae
1086 2771 1152 2815 esse
1177 2763 1275 2839 atque
1300 2771 1392 2823 σννν·

218 2853 352 2935 ριιφέκει
373 2853 406 2918 in
429 2853 651 2920 Xntoruourr
674 2854 828 2920 lituusro.
879 2853 954 2920 lllas
975 2854 1088 2944 igitur,
1112 2853 1195 2921 libro
1219 2850 1391 2920 accuratis-

222 2959 299 3023 sime
320 2958 482 3048 perlecto,
511 2960 577 3048 ipse
599 2959 731 3048 collegi,
755 2958 811 3024 has
833 2970 979 3023 aeternae
1000 2957 1151 3023 tenebrae
1175 2971 1207 3025 et
1226 2969 1309 3024 atra
1329 2979 1392 3023 nox

218 3075 368 3153 premunt
398 3077 621 3155 premeutque.
670 3064 707 3128 ln
728 3087 766 3130 eo
788 3065 885 3143 folio,
909 3063 996 3155 quod
1018 3064 1062 3130 sic
1079 3058 1140 3128 ¹ille
1160 3064 1319 3155 perdidit,
1343 3062 1392 3128 la·

139 3206 142 3210 ·
220 3171 321 3236 ciniae
353 3170 527 3260 quaedam,
551 3171 638 3237 velut
667 3171 789 3237 insulae
814 3171 847 3236 iu
861 3172 947 3236 anari
970 3181 1078 3249 vasto,
1101 3183 1256 3261 apparent
1277 3181 1309 3236 et
1329 3167 1393 3258 legi

218 3288 367 3366 possunt,
402 3277 486 3342 unde
514 3278 581 3343 eius
610 3278 689 3342 fides
714 3277 873 3342 aestimari
903 3277 1086 3342 etiamnunc
1117 3289 1223 3366 potest
1247 3289 1280 3342 et
1301 3273 1392 3340 codi-
1454 3266 1460 3277 ¹

220 3403 291 3448 eum
314 3382 523 3473 legendorum
545 3385 687 3449 facultas.
736 3384 783 3448 Er
802 3384 856 3462 iis,
889 3406 971 3473 quae
991 3383 1172 3447 Florentiae
1194 3383 1272 3448 olim
1292 3401 1394 3444 anno·

219 3489 298 3567 tari,
318 3512 501 3580 expromam
524 3512 610 3555 nunc
630 3489 802 3566 nonnulla,
827 3489 913 3553 uude
934 3487 1034 3553 oratio
1054 3487 1161 3554 Leuat
1177 3499 1209 3553 et
1230 3485 1394 3552 emendari

144 3604 147 3607 ’
219 3597 318 3686 possit
346 3609 377 3662 et
408 3598 569 3664 stabiliore
588 3596 798 3661 fundamento
824 3595 945 3660 firmius
966 3595 1129 3660 constitui.
1177 3595 1303 3659 Faciam
1329 3589 1392 3655 iui-

217 3703 298 3767 tium
326 3703 365 3768 ab
394 3703 452 3768 illo
473 3704 563 3781 loco,
589 3725 685 3792 quem
707 3699 914 3768 (locaremus
938 3702 1044 3765 statim
1068 3701 1140 3790 post
1160 3712 1319 3790 repertam
1342 3698 1394 3761 lu-

222 3831 290 3875 cem
311 3810 344 3875 in
366 3822 467 3875 atram
487 3811 657 3900 caliginem
678 3808 779 3874 redire
799 3808 896 3873 iussit.
921 3807 1053 3897 legitur
1070 3808 1103 3872 iu
1121 3806 1241 3873 Codice
1260 3803 1339 3869 folio
1349 3806 1393 3868 23

220 3937 329 3994 verso,
360 3916 450 3980 cuius
478 3916 598 4006 primus
620 3938 727 3980 sersus
746 3923 811 3978 est:
837 3913 887 3976 ἐπὶ
907 3913 1035 3992 salazar
1062 3911 1146 3991 δρυὸς
1172 3909 1319 3974 ἐσκόπουν
1348 3908 1394 3986 μή

218 4043 249 4084 τι
274 4020 365 4101 μέρος
388 4023 441 4083 τοῦ
464 4023 609 4098 σώματος
638 4020 651 4083 ὅ
683 4019 795 4102 διέφνις
824 4016 929 4100 ᾕμαξε
954 4015 1155 4080 marcoardo.
1182 4016 1313 4094 τέτρωτο
1336 4012 1394 4090 μὲν

219 4118 268 4188 οὖν
291 4125 374 4188 οὐδέν
396 4125 461 4212 οὐδέ
486 4123 609 4206 ipsura
633 4124 734 4198 οὐδέν,
771 4121 954 4187 huiusmodi
981 4143 1088 4187 sersus
1113 4119 1330 4184 minutissimis
1352 4117 1393 4182 li·

219 4228 331 4294 terulis
361 4229 525 4318 eleganter
552 4229 685 4317 scriptos
712 4229 826 4318 pagina
853 4249 1000 4317 quaeque
1027 4224 1124 4290 habet
1151 4226 1392 4316 trigintaocto,

221 4333 353 4398 ultimus
379 4345 425 4398 est
453 4331 548 4396 huius
573 4332 725 4421 paginae:
750 4334 828 4397 κύννι
855 4332 997 4413 τρέφειν,
1023 4332 1048 4394 εἱ
1069 4332 1100 4395 δὲ
1121 4333 1159 4403 ὡς
1184 4331 1312 4408 λέγουσι
1339 4330 1392 4394 uxi

220 4439 275 4515 αἲξ
292 4440 376 4519 αὐτῷ
393 4438 484 4517 aare
505 4438 632 4502 δέδωκεν
648 4438 730 4501 οὐδὲν
752 4437 864 4518 ἐρίφων
886 4434 1036 4515 διαφέρει.
1059 4440 1167 4499 redux
1186 4436 1238 4499 aei
1260 4439 1396 4499 cerodae

221 4542 235 4606 ὁ
260 4541 369 4623 δέρκων
390 4543 455 4607 axi.
505 4541 622 4632 Incipit
650 4540 765 4606 folium
785 4545 828 4605 24
852 4550 974 4604 rectum
1002 4563 1148 4606 aversa:
1174 4538 1259 4617 nerei
1284 4542 1393 4601 aarum

222 4647 235 4710 ὅ
261 4647 387 4731 δέφνις.
418 4649 474 4726 ἐμὲ
505 4648 560 4726 cat}
585 4647 750 4728 νὶνέέρεφεν
778 4645 878 4728 ὥσπερ
910 4645 963 4709 τὸν
988 4644 1051 4709 ala.
1085 4646 1165 4724 νέμει
1196 4644 1227 4708 δὲ
1257 4640 1393 4722 τριέγνιις

218 4758 279 4818 τῶν
308 4754 418 4819 τούτου
448 4754 527 4832 βοῶν
558 4754 702 4838 μείζονας
728 4753 785 4833 ἔξω
815 4747 858 4820 δέ.
908 4751 1081 4841 Postquam
1110 4762 1246 4841 utraque
1274 4746 1390 4838 pagiua
