3309 5750
737 631 799 694 281

182 829 304 909 studia,
337 827 371 894 in
401 826 518 918 quibus
539 846 628 891 nunc
648 846 685 890 ea
704 823 842 890 facultas
860 824 1026 913 consopita
1047 837 1109 904 est,
1132 836 1193 891 aut
1208 829 1262 918 qui
1283 829 1350 895 sine

181 937 263 1002 duce
294 932 493 999 intenebris
522 942 663 997 errantes
692 930 814 995 ineerta
844 941 876 994 et
907 951 1000 995 caeca
1028 931 1157 1021 pariunt
1184 946 1215 999 et
1245 936 1350 1001 multo

180 1043 290 1109 labore
319 1053 350 1106 et
382 1038 541 1104 aerumnis
568 1037 685 1102 frustra
715 1034 881 1101 exantlatis
912 1035 944 1100 id
975 1035 1070 1102 nimis
1094 1060 1186 1127 saepe
1214 1041 1350 1107 afferunt

178 1146 252 1228 ὀπερ
273 1146 399 1227 ὀίρρνπον
418 1143 555 1222 ίοροεννον.
591 1141 657 1209 Ubi
676 1140 748 1231 quis
768 1152 823 1206 aut
846 1163 882 1206 er
902 1140 1050 1207 codicum
1073 1142 1195 1208 assidua
1211 1144 1350 1212 lectione

178 1264 233 1316 aut
249 1274 287 1316 ex
306 1251 421 1317 Brsrn
441 1247 715 1314 observationibus
731 1246 880 1312 didicerit
899 1259 931 1312 et
951 1248 1054 1314 oeulis
1070 1250 1134 1315 suis
1150 1250 1350 1341 contempla-

177 1371 227 1425 tus
258 1359 317 1438 sit,
350 1380 449 1447 quam
477 1356 540 1421 siut
569 1354 687 1421 similes
716 1375 754 1420 ac
774 1367 876 1444 prope
897 1353 994 1421 iidem
1016 1355 1193 1421 litterarum
1213 1355 1348 1436 ductus,

177 1466 293 1555 quibus
319 1464 404 1543 μεοοί
425 1474 457 1528 et
477 1461 563 1528 κοιτοί
589 1461 716 1528 saeculo
738 1460 802 1540 xl,
827 1459 1009 1540 Xll,.lllll
1035 1475 1067 1527 et
1094 1463 1192 1530 serius
1213 1464 1349 1529 etiama

179 1569 307 1635 Graecis
319 1566 541 1659 taebygraphis
552 1568 777 1647 scriberentur,
796 1564 895 1656 idque
905 1567 938 1631 in
950 1567 1105 1633 variarum
1117 1569 1348 1658 seripturarum

176 1676 294 1740 acerris
322 1675 437 1765 passim
471 1674 556 1766 apud
583 1675 771 1765 scriptorem
800 1671 979 1762 quemlibet
1009 1671 1122 1738 viderit
1148 1675 1348 1753 confirmari,

138 1803 140 1806 ·
175 1779 339 1871 quomodo
370 1803 486 1871 quaeso
517 1782 663 1846 dubitare
694 1791 726 1845 et
752 1777 892 1843 haerere.
907 1780 1044 1869 poterit,
1068 1781 1094 1845 si
1112 1780 1241 1871 quando
1260 1783 1346 1846 κοοποί

176 1886 356 1977 apparebit,
387 1886 442 1951 ubi
467 1910 531 1952 non
562 1899 609 1952 est
637 1883 850 1952 controversia
885 1884 962 1973 quin
983 1886 1069 1964 μετοί
1095 1886 1277 1977 requiratur
1297 1889 1348 1954 rel

175 1991 312 2056 contra?
360 1990 397 2056 ln
427 1989 577 2058 Luctruo
606 1997 670 2070 38,
706 1996 758 2057 45.
779 1990 1034 2056 fluctuant'libri
1055 1990 1140 2058 inter
1167 1994 1346 2075 κοόνροέρονν

174 2108 206 2163 et
239 2096 417 2178 μεόνμὲροον
451 2103 538 2187 (nam
568 2099 612 2165 sie
644 2097 765 2164 scribae
791 2097 1044 2188 praepositiones
1070 2098 1174 2164 solent
1194 2120 1267 2164 cum
1288 2122 1347 2167 suo

175 2203 305 2268 nomine
334 2200 368 2265 iu
396 2202 564 2269 scribendo
595 2204 807 2293 coniungere,
837 2202 899 2269 rid.
919 2202 1071 2268 Btsrtuu
1089 2227 1120 2292 p.
1141 2205 1240 2290 795),
1264 2228 1346 2295 quae

175 2331 242 2375 non
270 2319 403 2398 possunt
433 2331 585 2400 umquam
612 2307 767 2374 confundi
787 2307 827 2372 ab
850 2331 906 2386 eo,
931 2308 988 2398 qui
1007 2307 1094 2398 quod
1114 2308 1231 2376 scribat
1251 2310 1347 2378 intel·

175 2410 261 2506 tigit,
290 2437 365 2478 nam
393 2413 456 2479 boc
476 2415 627 2481 interdiu
651 2411 827 2505 significat,
853 2413 934 2479 illud
961 2415 1130 2503 ρονοόοόὀοό,
1156 2415 1264 2505 itaque
1290 2418 1346 2482 ubi

173 2523 218 2586 ita
234 2518 365 2584 dieitur:
382 2524 510 2584 iuvenis
519 2528 703 2611 postquam
719 2527 855 2584 strenue
858 2542 927 2609 per
937 2528 1040 2584 tolum
1052 2520 1139 2585 diem
1144 2522 1347 2611 palaestrae

173 2636 206 2692 et
234 2628 361 2691 litteris
384 2649 518 2716 operam
542 2627 651 2706 dedu,
677 2623 737 2692 sud
759 2623 932 2717 vesperum
950 2616 1170 2719 cz‘dum'oap'r‘t
1194 2638 1227 2693 et
1247 2631 1345 2706 ἡδίους

171 2730 445 2802 ὕπνονςίκοοόεύόεο
472 2741 536 2805 τοῖς
557 2734 626 2810 μεθ’
652 2731 770 2812 ἦροέροον
796 2730 954 2809 ’κοοροοίποοο
977 2733 1137 2813 ἐπνρεροῶν
1161 2733 1344 2815 ε’πίφόονον,

173 2834 253 2929 quid
281 2857 319 2900 eo
341 2834 438 2900 facias
461 2836 517 2926 qui
535 2836 711 2916 κοόνροὲροον
731 2835 910 2902 oscitanter
931 2837 1162 2928 supposuerit?
1211 2837 1344 2930 Magnus

172 2944 233 3012 erit
265 2941 401 3031 Apollo,
433 2942 489 3032 qui
519 2942 552 3007 in
580 2939 692 3007 iisdem
715 2940 818 3008 verbis
845 2964 960 3032 capere
985 2944 1085 3033 possit
1112 2944 1190 3036 quid
1219 2945 1258 3009 sit
1277 2947 1345 3011 ἐπί-

172 3051 297 3131 Φόονοντ
332 3068 472 3137 namque
500 3064 564 3112 nou
592 3069 661 3113 esse
689 3048 871 3113 a'nvidenda
899 3051 1087 3140 voluptate,
1117 3063 1152 3115 ut
1172 3050 1344 3141 luterproti

170 3154 273 3220 risum
304 3164 368 3232 est,
391 3176 457 3218 non
476 3164 556 3242 puto
577 3151 658 3217 serio
674 3149 979 3220 demonstrandum.
1012 3156 1063 3221 ἐπὶ
1085 3155 1192 3236 χρόνον
1215 3155 1343 3244 vulgata

171 3259 269 3324 lectio
299 3273 385 3337 eret,
419 3281 501 3348 quae
528 3281 565 3322 er
596 3256 685 3322 noris
705 3255 798 3324 codd.
822 3260 867 3325 sic
891 3261 1001 3326 relicta
1022 3273 1069 3326 est
1090 3274 1121 3326 et
1142 3273 1344 3352 quantocyus

169 3362 366 3442 revocanda,
391 3372 428 3428 ut
446 3363 589 3452 egregius
607 3360 791 3428 adolescens
810 3365 937 3430 brevem
957 3388 1105 3430 somnum
1122 3388 1235 3455 capere
1254 3366 1342 3431 dica·

170 3482 233 3535 tur.
283 3466 404 3532 Eadem
434 3467 475 3532 de
496 3488 590 3531 causa
619 3479 683 3531 tam
713 3491 807 3559 saepe
837 3473 911 3534 κοτ’
940 3471 1045 3550 ὀλίγον
1078 3485 1110 3536 et
1137 3475 1211 3551 μετ’
1238 3473 1343 3551 ὀλίγον

171 3574 421 3665 permiscentur,
455 3594 651 3663 quamquam
686 3572 781 3638 facile
812 3573 947 3640 discerni
982 3578 1080 3665 possit
1117 3589 1225 3642 utrum
1250 3603 1345 3669 pau·

169 3682 266 3745 latim
296 3703 335 3745 an
367 3702 445 3745 moso
471 3681 627 3746 sententia
655 3681 816 3771 postulet,
853 3695 887 3748 ut
917 3684 950 3748 iu
970 3684 1110 3750 ‘Timone
1138 3691 1176 3765 5,
1210 3688 1240 3749 4.
1269 3687 1342 3749 κοτ’

168 3786 274 3864 ὀλίγον
297 3785 405 3867 Κρόνον
431 3811 467 3851 οε
490 3784 701 3869 ἀποφαίνουσι
721 3787 941 3869 παρωσάμενοι
967 3797 1023 3865 τῆς
1047 3799 1159 3871 τομῆς,
1186 3789 1242 3854 ubi
1263 3784 1343 3854 οόπο-

166 3896 320 3972 φοονοόονν
350 3914 369 3955 a
402 3889 549 3960 Srnuvm
576 3892 798 3982 accipiendum
831 3905 864 3959 et
893 3898 966 3974 μετ’
1002 3895 1107 3977 ὀλίγον
1137 3894 1341 3963 scribendum

167 4016 236 4060 esse
259 4007 400 4084 apparet.
422 4001 482 4075 33,
498 4002 528 4063 7.
547 3996 622 4062 eloai
643 3998 706 4079 γόορ
723 4002 795 4062 κοτ’
816 3999 939 4078 ὀλίγον,
963 3988 1124 4067 imovero
1143 4026 1219 4067 mox
1238 4005 1342 4080 scies,

165 4102 240 4179 μετ’
265 4099 386 4180 ὀλίγον,
409 4101 504 4191 ‘quod
528 4102 607 4168 vidit
627 4103 825 4185 Fnlrzscu'u.
847 4103 910 4184 66,
933 4110 986 4172 40.
1008 4107 1117 4172 ποίνποο
1141 4111 1214 4173 κοτ’
1235 4108 1340 4185 ὀλίγον

165 4206 306 4284 οόπορρεῖ,
342 4205 407 4270 imo
439 4228 511 4271 vero
538 4208 631 4271 breoa'
657 4220 729 4297 post
759 4219 914 4288 mortem,
948 4214 1020 4289 μετ’
1049 4211 1166 4290 ὀλίγον.
1217 4211 1338 4277 Eodem

166 4306 273 4375 modo·
294 4314 353 4393 25,
387 4315 447 4392 51,
480 4308 555 4378 ὀποον
590 4335 638 4383 τις
664 4315 855 4393 ἀκροώμενος
884 4315 984 4390 olavus
1015 4315 1085 4396 ὀρόον
1109 4318 1151 4381 rol
1178 4318 1340 4396 λεγόροενοο

166 4414 223 4480 aa}
244 4417 329 4493 μεπόο
354 4423 450 4483 ’τοῦτο
478 4421 607 4500 ἐπαινῇ,
632 4415 719 4506 quod
746 4416 926 4483 Bultnnus
948 4421 1112 4510 praecepit
1138 4422 1223 4486 κοοπόο
1247 4428 1338 4486 τοῦτο

167 4530 201 4584 et
226 4541 301 4585 rere
333 4533 380 4586 est
412 4523 569 4590 correctio
596 4534 629 4588 et
661 4521 810 4601 evidens,
842 4544 948 4613 neque
977 4524 1145 4614 quisquam
1177 4523 1340 4589 dubitabit

171 4628 231 4689 10.
256 4629 292 4703 2,
319 4627 347 4691 1.
370 4650 428 4717 pro
452 4629 631 4707 κοοτοίςνροον
656 4652 674 4694 a
699 4627 897 4696 Scuruuuuo
920 4628 1099 4706 μετοίςνοον
1123 4629 1277 4720 accipere.

163 4762 200 4797 .,;
216 4727 378 4821 Denique.
393 4735 425 4799 ἐν
452 4745 483 4800 et
511 4735 565 4800 ἐπί
594 4733 850 4805 describentium.
866 4734 1011 4819 socordia⁷
1036 4737 1165 4803 miscuit
1183 4740 1223 4815 9,
1246 4738 1287 4814 6,
1312 4738 1342 4804 2.

1131 4853 1162 4892 21
