3309 5750
868 643 910 704 66

295 838 394 885 onnon
427 815 573 883 debuerit
605 816 766 891 seribere,
797 816 1007 901 scripseritne
1042 815 1177 881 aliorum
1211 823 1279 881 esto
1312 815 1483 883 iudicium.

298 924 449 990 Graecum
475 931 544 990 est:
574 925 651 988 ἀλλ’
670 926 724 988 οὐκ
754 918 787 997 ἦν
815 922 1023 1001 Λακεδαίμων
1043 921 1133 986 πόδε
1156 923 1232 987 αλλ’
1256 924 1381 998 Ἀθῆναι
1411 925 1481 992 κπὲ.

293 1031 343 1097 lta
365 1030 543 1115 loquuntur
565 1030 620 1115 qui
637 1033 837 1115 praesentem
859 1026 1020 1093 fortunam
1042 1048 1117 1092 oum
1135 1027 1282 1104 meliore,
1300 1048 1382 1113 quan
1403 1028 1481 1095 olim

294 1135 409 1213 luerit,
431 1142 633 1220 comparant,
651 1141 708 1199 aut
728 1151 817 1197 suam
842 1133 956 1198 moesti
976 1140 1008 1198 et
1030 1131 1172 1218 queruli,
1196 1141 1252 1199 ant
1272 1133 1408 1199 alienam
1432 1136 1481 1200 in·

295 1242 369 1307 sesti
389 1247 420 1306 et
444 1239 530 1305 irati.
577 1237 732 1324 Exempla
770 1236 898 1322 collegit
922 1238 1118 1303 llrrrurarus
1139 1238 1179 1303 ad
1202 1239 1358 1304 Eumrrms
1387 1240 1481 1306 Troo·

294 1346 348 1412 der
370 1365 417 1411 vs.
439 1348 504 1411 99:

520 1445 604 1525 όνα,
627 1448 820 1527 δυσδαίμων,
845 1446 969 1513 πεδόθεν
997 1450 1160 1532 κεφαλήν,

519 1552 643 1636 ἐπόειρε
667 1554 773 1637 δέρην,
797 1553 898 1619 οὐκέτι
920 1553 1016 1633 Τροόα

514 1659 591 1724 ποόδε
611 1660 663 1725 καὶ
687 1660 824 1739 βασιλεῖς
845 1659 939 1737 ε’σμὲν
959 1658 1093 1741 Τροίας,

293 1764 478 1832 luculentus
496 1764 657 1850 imprimis
678 1773 727 1831 est
749 1765 838 1831 locus
861 1764 1045 1830 Tunormms
1067 1763 1119 1829 Vl.
1133 1769 1187 1828 77.
1208 1768 1262 1829 οὐκ
1277 1767 1380 1839 Ἴωνες
1400 1765 1480 1833 πόδε

293 1872 369 1937 εόσδν
401 1870 462 1937 οὐδ’
486 1869 723 1945 Ἑλλησπόντιον
759 1871 812 1936 καὶ
844 1877 987 1947 νησιῶται
1011 1906 1056 1920 --
1086 1869 1177 1934 ἄλλα
1206 1879 1322 1951 Δωριῆς
1358 1872 1480 1938 ἐλεύθε-

292 2002 345 2061 ροι.
363 2014 410 2026 -
430 1977 680 2055 λεισοθυμησαςε
709 1976 859 2041 Graecum
879 1982 928 2041 esl
955 1976 1170 2052 λιποθυμήσας
1196 1982 1227 2040 et
1249 1976 1405 2061 quidquid
1427 1997 1479 2043 eo·

293 2081 367 2149 olem
385 2080 478 2147 modo
498 2089 546 2147 est
567 2081 779 2166 compositum
795 2083 933 2166 primam
955 2081 1098 2166 corripit.
1125 2080 1293 2145 Docetlroo
1314 2079 1479 2167 analogia,

292 2207 391 2275 quam
426 2206 505 2258 usus
528 2195 697 2273 poetarum
720 2186 914 2263 conlirmat,
944 2185 1083 2252 editores
1102 2184 1227 2251 malunt
1252 2187 1418 2272 imperitos
1441 2188 1480 2254 li·

291 2293 417 2360 hrarios
441 2293 541 2378 sequi.
565 2331 611 2341 -
633 2293 664 2358 ἐν
689 2293 804 2375 σοότιρε
829 2292 946 2358 melius
969 2291 1140 2357 omisisset.

336 2398 439 2485 Epist.
460 2403 513 2464 55.
539 2396 562 2487 §
586 2403 615 2463 5.
650 2400 705 2464 οὐκ
730 2397 846 2480 ἄχαρις
880 2398 1060 2480 όφθῆναιτ
1085 2394 1283 2463 Actionem.
1317 2395 1386 2484 §ln
1411 2410 1474 2465 Πν·

291 2502 468 2586 θανορικόςε
501 2502 584 2570 male
608 2522 665 2589 pro
693 2503 908 2586 Πυθαγόρειος.
938 2502 1016 2591 §n
1041 2500 1076 2579 ἦν
1107 2500 1169 2583 νόρ
1194 2504 1280 2568 xre:
1304 2501 1477 2587 legendum

290 2609 449 2676 arbitror:
473 2605 545 2691 εἶχε
567 2608 631 2689 yolo
654 2616 687 2673 et
708 2608 807 2691 φέρων
832 2607 1090 2695 expungendum.
1123 2616 1147 2696 §
1168 2612 1197 2672 7.
1229 2606 1396 2689 ἔρρερχενε
1422 2611 1477 2676 Al·

290 2715 344 2781 rior·
373 2714 492 2798 ῥέγκειν
522 2712 681 2780 dicebant.
716 2720 792 2803 §ll
823 2714 922 2798 οὕρειε
947 2734 1004 2801 pro
1032 2713 1141 2793 ἐὀόρει.
1164 2750 1211 2764 —-·
1233 2715 1263 2777 όν
1297 2716 1475 2798 ὀφθαλμοῖς

290 2819 438 2888 όποόνσων
466 2818 645 2908 [όρόιντων];
670 2818 744 2886 lolle
764 2820 931 2888 emblema.
955 2823 1088 2902 ἐνεργεῖν
1106 2837 1125 2883 a
1145 2816 1310 2886 Graeculis
1329 2829 1476 2890 sumtum

287 2924 593 3014 esl.§10.‚oilsle
626 2927 671 2995 ε’ςι
694 2925 809 3003 noyer:
845 2926 914 3011 lege
937 2924 1032 2998 οὐδεὶς
1055 2922 1101 2988 ἔτι
1133 2921 1168 3001 ἦν
1190 2923 1285 3004 λόγος
1309 2936 1341 2994 el
1364 2931 1491 3016 recipe·

289 3030 484 3110 κεκλημένων
504 3050 562 3116 pro
580 3030 815 3110 κεκληρωμένων
841 3066 884 3082 -··
904 3029 1047 3108 αξιόθεαε
1071 3028 1245 3095 barbarum
1264 3041 1328 3108 est,
1354 3052 1474 3122 repone

288 3135 451 3219 ἀξιόχρεα.

334 3240 510 3329 Epistolam
531 3244 583 3308 56.
617 3261 681 3307 non
712 3239 939 3323 Θαμβοφόγος
969 3241 1100 3327 scripsit
1136 3238 1192 3306 sed
1222 3242 1473 3326 Θυμβρσφόγος.

289 3346 313 3438 S
338 3351 369 3414 δ.
392 3356 448 3426 πῆς
468 3348 566 3422 οἷκόας
588 3347 705 3428 γυμνὸν
725 3346 832 3430 θύραζε
855 3349 887 3413 ἐν
909 3348 1023 3429 οόκαρεῖ
1042 3345 1139 3430 χρόνῳ
1163 3347 1356 3426 ἐκβληθέντα
1376 3351 1479 3434 ἐμπε-Υ

286 3463 372 3522 retr:
396 3461 505 3522 sumta
528 3453 606 3519 haer
627 3461 704 3518 snut
724 3473 765 3519 ex
787 3456 1007 3521 Anrsroramrs
1028 3452 1122 3519 Pluto
1144 3474 1191 3519 vs.
1215 3456 1288 3517 144.

468 3561 586 3642 γυμνός
610 3558 713 3642 θύραζ’
735 3557 879 3636 ἐξέπεσον
903 3561 934 3626 ἐν
957 3562 1071 3640 οόνιαρεῖ
1088 3557 1219 3640 χρόνον,

287 3666 397 3752 itaque
420 3665 489 3733 dele
513 3676 569 3742 τῆς
592 3666 708 3738 οἰκίας,
733 3666 870 3731 restitue
887 3664 1016 3747 χρόνον,
1041 3671 1074 3729 et
1095 3671 1254 3748 expuncto
1277 3666 1473 3744 ἐκβληθέντα

285 3770 421 3838 emenda
436 3772 601 3847 ἐκπεσεῖν,
624 3788 688 3854 quo
709 3767 793 3834 lueto
816 3768 976 3852 intelliges
999 3767 1080 3833 nihil
1103 3767 1222 3835 deesse.

331 3876 434 3962 Epist.
456 3880 508 3940 57.
540 3875 681 3957 Φειδωλῷ
707 3875 749 3955 τῷ
773 3873 874 3957 μέτρῳ
897 3873 1069 3955 κόχρηπαιε
1094 3874 1210 3940 melius
1237 3885 1375 3958 χρῆται,
1399 3886 1477 3950 lum,

284 3980 426 4065 φειδωλῷ
447 3979 637 4045 mendosum
661 3996 730 4044 esse
749 3985 902 4064 apparet,
926 3980 1078 4065 quoniam
1097 3981 1111 4045 ὃ
1130 3987 1248 4063 μετρῶν
1274 3988 1378 4066 potest
1400 3990 1471 4067 φει-

286 4085 380 4159 δωλός
403 4103 493 4162 esse,
517 4085 552 4150 σθ
567 4084 676 4166 μέτρον
696 4102 759 4148 non
784 4084 873 4150 item.
913 4084 1156 4152 Emendamlum
1178 4087 1341 4171 φειδωνεῖῳ
1357 4089 1470 4174 μέτρῳ.

287 4190 383 4257 fidem
405 4189 503 4256 faeiat
526 4188 712 4277 perelegans
735 4189 824 4255 loeus
848 4190 882 4254 in
907 4190 1116 4257 Tneomensrr
1141 4193 1296 4260 Clrorortt.
1319 4192 1373 4259 XI.
1401 4201 1471 4278 φει·

283 4296 374 4380 δωνόιρ
394 4296 495 4379 μέτρω
521 4295 573 4362 πδν
597 4296 739 4362 πόνδακα
760 4295 1008 4378 ἐνκεκρουομόνιρ
1032 4307 1154 4379 μετρεῖν
1179 4299 1273 4372 αὐτὸς
1301 4307 1365 4374 τοῖς
1389 4300 1469 4368 ἔνδον

283 4401 327 4468 νδ
354 4403 514 4480 ε’πισηδεια
542 4401 662 4484 σφόδρα
692 4405 844 4483 darnole,
868 4408 900 4467 et
923 4400 989 4466 illio
1019 4411 1051 4468 et
1075 4403 1158 4489 apud
1184 4401 1360 4472 Smaoonmr
1383 4406 1467 4475 Vlll.

284 4526 315 4593 p.
337 4511 401 4574 558
426 4515 458 4574 et
481 4508 639 4574 Pomuomr
659 4507 696 4573 X.
724 4512 797 4573 179.
829 4505 1030 4574 restituenda
1064 4514 1112 4573 est
1143 4506 1244 4573 lorma
1271 4511 1466 4592 φειδόνειος,

284 4632 366 4699 quae
393 4613 457 4681 sola
494 4614 609 4679 Graeco
631 4622 678 4680 est
711 4614 955 4699 promaterterae.
981 4652 1023 4665 —-
1046 4615 1077 4678 ἐν
1098 4622 1168 4688 ταῖς
1192 4616 1384 4696 ἑορταςικαῖς
1408 4625 1466 4683 τῶν
