3309 5750
828 651 893 714 239

262 840 525 916 emendationem
553 846 614 911 loci
642 846 842 911 Ptouncnt
860 844 894 909 in
915 846 982 911 rita
1007 844 1178 913 Ciceronis
1199 870 1267 938 cap.
1288 854 1319 914 9.
1350 851 1441 917 Λιίιιι

261 974 321 1027 νιος
341 951 460 1031 mum
475 951 658 1031 κρινόμενος
680 958 803 1024 κλοπῆς
831 952 883 1014 ὐπ’
907 952 1003 1015 αὐτοῦ
1028 953 1097 1016 κτὲ.
1146 952 1297 1019 chruros
1319 954 1441 1021 Macae

259 1057 513 1148 repetundarum
541 1066 785 1121 accusatus-est
813 1075 880 1117 nou
904 1078 929 1118 a
952 1052 1120 1122 (luctuose
1144 1058 1211 1141 (ὑπ’
1230 1060 1360 1142 κύτού),
1384 1060 1441 1148 qui

259 1165 330 1254 ipse
350 1163 480 1229 Praetor
497 1164 538 1228 de
558 1160 744 1252 repetundis
765 1159 957 1249 quaerebat,
977 1161 1030 1225 sed
1048 1162 1144 1251 apud
1158 1161 1368 1241 thnennsn,
1388 1166 1440 1228 ἐπ’

262 1272 370 1333 αὐτοῦ.
395 1270 449 1333 ἐπί
467 1291 547 1339 τινος
573 1267 692 1331 dicitur
711 1264 750 1329 de
769 1287 826 1342 eo,
850 1265 935 1354 apud
955 1289 1050 1355 quern
1072 1269 1144 1356 quis
1164 1283 1349 1348 accusatur,
1374 1270 1438 1335 sire

258 1394 312 1439 rex
341 1374 405 1439 sire
434 1374 635 1461 magistratus
663 1384 727 1449 est,
761 1370 878 1435 deinde
904 1371 944 1436 de
978 1373 1104 1452 iudice,
1139 1376 1224 1465 apud
1246 1399 1342 1466 quem
1364 1376 1436 1465 quis

259 1499 388 1544 causam
404 1477 501 1557 dicit,
516 1477 657 1568 denique
674 1477 714 1542 de
734 1488 813 1541 teste
835 1489 890 1544 aut
905 1476 1039 1555 arbitro,
1056 1502 1163 1545 corum
1182 1490 1247 1569 qu'o
1269 1481 1346 1571 quid
1367 1482 1438 1545 lieri

256 1583 389 1648 dicitur.
437 1583 666 1673 Exemplorum
695 1594 742 1647 est
768 1605 883 1670 magna
912 1585 1012 1672 copia.
1033 1587 1051 1668 ς
1075 1586 1126 1650 18.
1156 1587 1208 1650 τὸν
1235 1587 1345 1663 ὀβολὸν
1370 1585 1434 1666 ἔχοι

257 1688 303 1751 πθι
326 1688 493 1768 πορθμεῖκ,
517 1708 630 1754 revoca
649 1688 690 1767 τῷ
713 1689 853 1768 πορθμεῖ.
881 1689 973 1771 820.
998 1691 1069 1761 τοὺς
1091 1690 1216 1762 ὐδύντιις
1241 1696 1436 1771 συγκροτεῖν,

255 1790 380 1878 corrige
401 1791 587 1871 συγκρούειν.
625 1794 642 1875 §
668 1794 721 1854 21.
755 1789 843 1870 πκρύι
871 1793 1038 1857 Μικύλλου
1069 1796 1140 1859 πινύι
1170 1795 1280 1871 ὀβολὸν
1310 1795 1436 1874 προσδο-

257 1900 333 1967 κῶν,
365 1895 606 1975 emendaram
628 1896 773 1960 Μικύλου
795 1894 887 1967 τινύς.
924 1897 1066 1969 Μικύλος
1091 1920 1164 1964 rera
1183 1898 1286 1964 lorma
1306 1911 1373 1977 est,
1398 1908 1434 1964 ut

256 1998 435 2080 Αἰσχύλος,
458 1995 607 2077 Ἡδύλος,
632 1998 810 2079 Κριιτύλος,
835 2000 1015 2079 Θρκσύλος,
1029 2002 1203 2081 Δερκύλος,
1220 2004 1432 2084 Δερκυλίδιις.

253 2102 327 2169 alia.
376 2103 617 2169 cucumeres
637 2102 743 2192 Epigr.
763 2104 818 2167 28.
842 2112 925 2179 τοῖσι
949 2104 1048 2186 φίλη,
1073 2111 1090 2192 Η
1110 2106 1253 2178 Μικύλος
1276 2106 1305 2172 εὐ
1325 2130 1356 2171 τι
1377 2130 1434 2171 πο-

229 2208 340 2287 ,νῆρύν
365 2209 503 2288 ἕπῆνεσιι
531 2210 613 2284 μήτε
642 2208 680 2271 σὺ
708 2206 809 2286 κούφη
840 2213 856 2294 ΙΙ
883 2205 1005 2284 Γίγνεο.
1037 2206 1242 2287 Θρύσυλλσς,
1276 2209 1432 2283 Δίυλλος,

253 2313 426 2391 Ἥρνλλος,
444 2311 526 2389 alia,
551 2322 625 2376 sunt
644 2310 843 2391 ὐποκοριςικύ
867 2332 905 2375 ex
926 2319 1133 2391 Θρασυκλῆς,
1159 2319 1310 2386 Διοκλῆς,
1339 2315 1433 2393 Ἥρκ-

253 2423 350 2495 unis,
390 2431 427 2483 ut
459 2417 590 2484 Antonii
619 2416 703 2482 lilius
737 2415 965 2505 appellabatur
1000 2416 1212 2484 Alexandriae
1240 2418 1431 2490 Ἄντυλλος.

254 2526 346 2608 §te
370 2522 488 2596 ἄλλους
514 2520 700 2604 προσκάλει,
734 2520 848 2611 supple
877 2522 915 2585 σύ
935 2522 960 2586 δ’
983 2520 1101 2591 ἄλλους
1123 2520 1305 2600 προσκύλει.
1341 2525 1431 2608 526.
1504 2581 1505 2584 ,

251 2627 319 2691 οὐδὲ
347 2627 449 2705 λύγον
479 2627 557 2705 ἔδει,
585 2626 656 2715 lege
677 2625 772 2691 οὐδέν.
792 2624 980 2697 -πλείους
1011 2622 1190 2702 ῆμυριόυς,
1218 2621 1272 2686 hic
1302 2644 1432 2713 quoqne

250 2731 498 2796 restituentem
522 2730 551 2804 θ.

252 2881 254 2885 -
297 2836 451 2927 Sequitur
478 2835 680 2902 suavissimus
706 2833 789 2899 liber
816 2832 884 2914 περὶ
910 2838 969 2897 τῶν
995 2830 1045 2897 ἐπὶ
1072 2831 1170 2912 μισθῷ
1197 2831 1366 2914 συνόντων,
1395 2835 1431 2900 iu

251 2962 317 3033 quo
343 2944 361 3027 §
384 2944 413 3007 1.
432 2964 492 3030 pro
514 2937 630 3009 ύςκτον
649 2941 718 3029 lege
737 2938 863 3009 ὐςύτιον
888 2961 923 3004 cx
943 2938 1078 3003 Honnnl
1099 2936 1222 3025 θάρρος.
1243 2938 1298 3004 lx.
1320 2943 1371 3005 14.
1396 2938 1431 3004 ri

249 3046 367 3128 πρύτύν
391 3070 437 3110 τοι
461 3044 588 3125 ἔπειτκ,
610 3046 643 3110 σι’
667 3047 693 3112 δ’
711 3043 836 3113 ύςύτιον
856 3043 1040 3120 κκτιιλέξιος
1068 3046 1085 3129 §
1111 3048 1141 3108 3.
1167 3045 1299 3109 δειπνεῖν
1316 3045 1430 3111 δεῖπνον

248 3158 408 3225 πολυτελῆ
433 3152 493 3218 rat
511 3151 705 3229 εὐσύμβολος,
729 3147 845 3215 melius
869 3156 1029 3222 πολυτελῆ
1057 3147 1273 3226 ὐσυμβύλους.
1323 3150 1430 3217 Poetis

248 3256 299 3321 ius
319 3267 366 3320 est
386 3255 506 3320 dicere:
531 3255 715 3333 ἀσύμβολον
733 3238 858 3320 κύθυνοι
880 3255 924 3331 μῆ
943 3254 1190 3333 πκριιλίμπκνε,
1209 3266 1264 3318 aut
1281 3257 1428 3336 εὐσύμβο-

246 3361 302 3427 λύν
323 3383 360 3424 τε
383 3367 480 3439 χοῖροι
500 3359 694 3439 προσβκλεῖν
716 3359 808 3441 βορρῖ,
834 3370 866 3423 et
887 3358 1018 3436 similia,
1039 3357 1209 3423 Luclnuns
1229 3360 1343 3424 maluit
1364 3362 1424 3427 At-

248 3465 329 3533 ticos
357 3463 464 3552 sequi,
488 3463 545 3552 qui
570 3484 678 3533 omues
704 3462 884 3553 loquuntur
903 3477 939 3528 ut
963 3464 1145 3530 descramus
1164 3465 1197 3529 in
1221 3465 1423 3535 Yz'marclrea

247 3595 280 3660 p.
308 3573 362 3649 11,
387 3571 440 3634 13.
464 3570 496 3634 τί
518 3568 580 3649 χρῆ
607 3567 731 3645 λέγειν,
761 3565 836 3634 ύτοιν
858 3569 1015 3650 μειράκιον
1042 3570 1105 3634 νέον
1129 3581 1288 3646 πολυτελῆ
1311 3574 1424 3639 δεῖπνον

246 3677 352 3756 δειπνῆ
379 3674 576 3751 εὐσύμβολος.
626 3669 665 3737 ln
687 3674 705 3757 §
726 3675 756 3738 9.
779 3677 915 3753 χρῆσθαι
941 3673 1014 3753 πρὸς
1039 3670 1058 3736 i‘
1080 3698 1109 3737 τι
1137 3672 1175 3738 biv
1200 3676 1341 3750 ἐθέλωσι,
1368 3701 1424 3743 ex·

245 3801 353 3869 punge
374 3776 466 3859 πρύς,
494 3775 581 3866 quod
602 3798 697 3843 nemo
716 3797 869 3867 umquam
887 3777 920 3842 in
940 3799 1026 3843 care
1043 3777 1176 3844 addidit.
1210 3781 1227 3862 §
1251 3766 1301 3845 1'1.
1326 3780 1361 3855 ῆν
1377 3783 1420 3846 τοὶ

245 3883 340 3962 ἄριςιι
362 3883 498 3965 arpenn,
525 3883 597 3949 dele
620 3884 801 3950 articulum.
838 3888 855 3971 §
881 3889 940 3950 12.
956 3886 1139 3966 κύτύχῆτιιύ
1161 3908 1206 3948 σοι
1232 3886 1341 3951 πύντκ
1363 3896 1420 3963 τῆς

244 3989 343 4065 εὐχῆς
376 3986 532 4069 μειζόνως.
587 3989 759 4062 Locmuus
786 3991 951 4079 scripserat
980 3988 1088 4055 πύντοι
1120 3991 1219 4068 εὐχῆς
1251 3991 1417 4073 μειζόνως,

1040 4117 1070 4154 W

241 4147 316 4235 nata
343 4183 390 4236 est
410 4170 627 4262 dittographia
646 4198 664 4238 e
683 4175 880 4241 correctione
900 4175 1013 4240 erroris
1037 4198 1155 4254 τνχῆς,
1179 4171 1256 4238 hine
1277 4178 1415 4257 εὐτυχῆς

240 4293 277 4354 Ε.
301 4287 448 4364 εὐτυχεῖς
475 4284 549 4364 alii,
581 4293 637 4360 τῆς
660 4289 758 4368 εὐχῆς
789 4286 949 4354 Senatus.
1004 4285 1137 4351 Gravius
1159 4287 1256 4373 ctiam
1278 4289 1415 4354 afflictus

240 4407 287 4462 est
307 4396 435 4481 loeus§
461 4402 510 4463 15.
534 4399 698 4479 τεκμήριον
721 4401 893 4477 ποιούμενοι
920 4401 974 4462 πού
997 4398 1042 4475 μῆ
1063 4399 1138 4476 περ’
1162 4395 1250 4478 θλλιρ
1270 4399 1414 4481 πρύτερύν

238 4534 274 4592 σε
307 4511 534 4592 δεδειπνῆκθρριι
564 4510 616 4577 rut
643 4511 677 4576 τὸ
706 4511 809 4576 κοιινύν
838 4506 919 4576 rival
943 4533 988 4573 σοι
1019 4507 1053 4572 σύ
1080 4506 1306 4588 χειρύμκκτρον
1332 4510 1412 4573 τιθέ-

237 4646 339 4702 μενον.
350 4684 358 4697 ,,
375 4623 547 4689 mirificum
572 4642 645 4689 sane
670 4621 734 4689 hoc
754 4634 802 4689 est
819 4621 991 4688 iudicium:
1016 4618 1042 4684 si
1060 4617 1114 4683 cui
1138 4616 1271 4683 mantile
1292 4641 1411 4684 norum

235 4735 429 4827 apponitur,
444 4744 622 4828 nrunquam
639 4760 723 4832 enm*
736 4738 813 4806 loris
832 4758 979 4807 coenasse
1001 4743 1158 4825 apparet:
1176 4730 1255 4798 latas
1274 4730 1410 4833 ineptias
