3309 5750
761 654 803 715 67

197 823 331 903 ἡμερῶνξ
353 834 478 892 toleres
501 827 623 903 όνοοιϊς
646 830 777 909 ἑορταῖς.
794 861 841 878 ···
862 834 1034 908 νεοοογεῖςε
1057 825 1169 912 putide
1191 824 1318 894 dietum
1341 826 1381 895 tle

195 929 307 994 coloris
338 950 397 1017 pro
419 932 537 1007 κοιινοόο.
572 932 646 1022 §2
679 936 734 1009 rio
764 939 916 1012 γλῶτταν
945 933 1167 1011 drauscium:
1201 954 1258 1020 pro
1280 933 1380 1001 stoa

194 1034 245 1101 vel
268 1034 399 1102 ἔνδιόνννι
422 1057 484 1104 noo
508 1037 683 1105 admodum
714 1037 819 1123 lepido
843 1037 994 1124 positum.
1018 1073 1061 1086 ··-
1085 1038 1235 1113 διοινοόεςε
1269 1038 1382 1128 supple

195 1148 252 1216 τῆς
273 1141 417 1217 διοινοόιις.

240 1246 342 1334 Epist.
364 1254 417 1315 58.
452 1250 607 1328 διοιβοοιόις
625 1250 812 1328 bocoirone:
835 1246 970 1313 debebat
992 1245 1128 1328 ψευδεῖς.
1153 1284 1196 1296 -—
1220 1247 1263 1313 'eri
1282 1250 1380 1327 νῦνδόι

194 1357 301 1418 τοῦτον
332 1374 407 1421 ounr
439 1354 561 1433 βόσκων
593 1353 862 1439 coniungendunr.
895 1352 1022 1432 βόσκειν
1045 1361 1169 1419 veteres
1202 1372 1278 1418 cuiun
1306 1374 1382 1422 oon·

194 1465 302 1523 temtu
322 1458 472 1524 dicebant
495 1468 527 1525 et
549 1459 777 1526 contumeliose
796 1459 862 1525 lero
890 1456 931 1523 de
953 1458 1014 1534 iis,
1037 1457 1156 1543 quibus
1175 1457 1327 1525 alimenta
1351 1468 1383 1526 et

198 1580 324 1627 meroes
348 1564 393 1627 ita
414 1562 573 1631 dabantur
593 1574 629 1631 ut
649 1565 754 1631 omnia
776 1563 1030 1651 obsequerentur
1049 1555 1082 1629 et
1103 1571 1274 1649 parerent,
1299 1564 1384 1650 quod

200 1665 298 1731 etiam
333 1687 432 1753 quum
457 1670 526 1736 sine
552 1669 673 1757 flagitio
697 1670 787 1737 lieret
810 1678 919 1735 tannen
948 1667 1056 1734 odiose
1091 1668 1259 1736 dicebatur
1282 1678 1315 1736 et
1337 1671 1383 1736 vi·

198 1769 334 1837 debatur
356 1772 551 1859 exprobrari.
599 1773 712 1841 Odiosa
740 1774 897 1842 dicuntur
923 1774 985 1839 viri
1013 1795 1128 1840 uxoreo
1156 1774 1303 1854 βόσκειν,
1327 1795 1381 1863 pa·

195 1884 262 1941 tres
295 1878 427 1955 liberos,
458 1897 550 1964 reges
569 1883 746 1965 parasitos,
770 1889 932 1946 amatores
959 1889 1083 1945 scorto:
1116 1879 1148 1945 bi
1172 1899 1283 1948 ornnes
1311 1882 1381 1948 sino

193 1982 387 2049 contumelia
407 1975 534 2050 eosdem
553 1987 679 2071 τρέφειν
698 1986 865 2051 dicuntur.
912 1986 1014 2051 bonus
1036 1993 1085 2051 est
1105 1987 1138 2050 in
1161 1986 1381 2054 Anisrornnors

195 2086 303 2172 νοερόν
325 2108 371 2154 vs.
390 2093 466 2155 511.

372 2196 405 2262 ri
426 2219 468 2273 με
488 2196 575 2275 δῆτ’,
598 2194 619 2263 ol
643 2197 746 2277 μολόν
769 2204 890 2279 μῆτερ,
914 2196 1055 2276 ἔτικτες,

372 2297 407 2365 ἵν’
432 2302 499 2380 ἐμοὶ
524 2300 705 2384 πράγματα
728 2302 854 2381 βόσκειν
878 2303 1031 2387 οιοιρέχης.

189 2421 286 2490 quem
310 2424 406 2471 nemo
429 2425 584 2492 umquam
607 2405 775 2473 intellexit.
822 2407 1013 2493 Distingue:

372 2511 387 2576 ό
412 2520 508 2586 ποῖοι
532 2512 566 2579 τό
586 2537 628 2591 με
651 2513 738 2588 δῆτ’,
763 2510 784 2578 ὦ
806 2512 910 2591 μελέα
929 2519 1047 2591 μῆτερ,
1069 2509 1210 2584 ἔτινε-εκ

376 2618 390 2683 ό
414 2620 539 2699 omnip:
563 2615 600 2683 ἵν’
624 2618 691 2698 ἐμοὶ
715 2617 899 2700 πράγματα
920 2614 1048 2695 βόσκειν
1071 2616 1222 2699 νιιιρόχηε.

190 2717 307 2786 ultima
328 2721 516 2808 explicanda
539 2730 616 2788 sunt
635 2743 675 2789 ox
691 2723 852 2789 similibus
875 2722 974 2797 loeis,
1000 2720 1106 2807 qualis
1129 2727 1176 2787 ost
1198 2719 1283 2806 opud
1304 2721 1378 2788 Pan·

190 2843 291 2892 rouru
311 2825 345 2893 io
369 2826 535 2895 Pboodooo
557 2847 588 2916 p.
614 2834 688 2896 115.
715 2848 743 2896 a.
775 2829 861 2896 δοκεῖ
880 2828 944 2910 γὰρ
971 2822 1197 2907 {libritoribus
1220 2826 1379 2909 λουσόμε-

189 2956 238 2999 νον
261 2941 343 2999 νιιεῖν
366 2934 401 3000 τό
423 2922 591 3017 Φόρμοκόν
615 2935 668 3001 nol
692 2937 737 3014 μη
761 2935 944 3019 νιροόγμοιεοι
965 2941 1037 3008 τοῖς
1068 2932 1192 3012 rorarii
1225 2933 1377 3017 ιιιοοόχειι

190 3040 291 3121 νειιρὸν
310 3039 420 3105 λούειν.
468 3039 513 3106 Cf.
540 3040 708 3129 Oyropoed.
729 3041 782 3109 lv.
806 3063 840 3110 v.
860 3046 914 3108 to.
937 3076 984 3091 --
1005 3041 1062 3112 cio:
1087 3047 1120 3104 ei
1144 3038 1195 3105 bio
1215 3040 1284 3127 lege
1306 3039 1375 3113 cire.

190 3142 267 3233 §Q
292 3154 397 3220 κοινοῖς
414 3148 610 3228 κεχρήμεόοιε
635 3149 700 3213 imo
723 3150 881 3229 χριόμεόοι.
907 3144 931 3234 §
955 3149 986 3210 5.
1012 3143 1107 3226 τρέμε
1130 3144 1228 3211 dordr
1248 3146 1284 3212 τό
1305 3155 1376 3229 χεῖ·

186 3266 258 3326 λοςτ
284 3252 437 3317 usitatius
460 3252 601 3319 ε’νδοιιιόν.
624 3288 672 3303 -
693 3254 810 3319 τούτων
833 3248 898 3327 ele:
922 3250 1140 3336 legorovrorl.
1166 3288 1211 3301 -
1233 3251 1374 3331 ότλομοό·

186 3380 247 3440 χοι
270 3358 324 3424 uui
347 3359 470 3438 νόρόόοςε
495 3358 620 3442 ροόῑίοο
644 3364 729 3423 sunt.

190 3488 193 3493 ·
234 3463 337 3551 Epist.
360 3467 414 3529 59.
439 3465 511 3528 νοντ’
535 3461 623 3544 όνιιρε
657 3471 781 3528 certum
805 3467 855 3528 est
884 3458 955 3540 όνινρ
983 3477 1052 3524 esso
1076 3456 1259 3523 dicendum.
1305 3459 1374 3527 Non

188 3578 298 3635 temen
321 3568 535 3633 Anorrsnoonn
563 3567 640 3632 buin
664 3566 777 3653 eulpae
800 3564 929 3632 affinem
950 3581 1019 3629 esse
1045 3562 1203 3639 arbitror,
1226 3561 1281 3628 sed
1302 3569 1374 3631 κοτ’

186 3674 258 3758 όνιιρ
280 3673 393 3740 leolori
418 3672 547 3751 deberi,
578 3674 631 3738 oui
655 3671 775 3739 ἐδόκουν
798 3692 861 3738 non
887 3676 956 3736 erat
979 3669 1069 3734 satis.
1101 3669 1177 3750 Μ.
1202 3670 1375 3748 ιιοιμιιόνειν

186 3805 222 3847 νε
251 3778 318 3867 [ool
340 3775 431 3866 aliur]
459 3778 545 3846 κοινόν
568 3782 623 3857 νην
643 3779 747 3854 Ἴδηνε
771 3777 872 3844 obiioe
898 3773 1089 3861 interpolata
1113 3772 1219 3840 verbo.
1266 3774 1302 3841 In
1326 3797 1374 3845 so·

185 3869 362 3957 quontibus
389 3870 559 3936 blnrunnrus
591 3870 726 3937 subinde
749 3870 882 3934 vitiosas
908 3868 1102 3933 lectionesa
1130 3865 1239 3931 l'ooeto
1262 3866 1371 3937 oodice

185 3975 331 4063 recepit,
361 3993 443 4059 quae
468 3994 541 4040 mox
573 3974 612 4041 de
644 3975 713 4041 looo
747 3974 940 4041 deiicientur
973 3979 1005 4039 et
1034 3970 1273 4039 revocabuntur
1301 3975 1370 4042 irr-

185 4076 336 4156 ιιτοόντοο,
361 4078 474 4161 dedero
499 4087 531 4147 et
556 4080 779 4164 ἐξηγειρόμην,
806 4078 892 4166 quod
920 4079 952 4144 in
975 4076 1150 4161 ἐξηγρόμην
1171 4087 1221 4144 est
1240 4088 1370 4147 mutan-

184 4187 278 4255 dum.
303 4184 327 4274 S
349 4190 368 4251 5
393 4184 541 4266 πελάζειν
560 4206 580 4251 a
602 4195 747 4255 veterum
770 4184 942 4251 Atticorum
964 4203 1025 4249 usu
1049 4182 1141 4269 plano
1158 4183 1326 4261 abhorret,
1351 4205 1371 4255 a

186 4293 292 4381 poetis
315 4298 460 4357 sumtum
480 4298 545 4369 ost,
570 4291 653 4358 unde
673 4290 822 4360 Graeculi
846 4289 948 4357 multa
970 4296 1183 4362 mutuantur,
1207 4308 1289 4374 quae
1308 4288 1371 4357 ire·

183 4399 298 4488 quenti
321 4417 384 4463 usu
406 4397 550 4463 omnium
576 4398 653 4463 trita
677 4398 709 4462 in
731 4415 935 4463 communem
954 4393 1097 4478 linguam
1122 4400 1250 4478 recepta
1274 4402 1367 4472 sunt,

186 4505 283 4592 quale
305 4511 353 4571 est
376 4501 455 4569 illud
479 4502 585 4589 ipsum
611 4500 810 4577 ἑνιιητόντιι,
836 4499 920 4587 quod
942 4498 1114 4586 praecedit.
1161 4496 1258 4563 Attici
1279 4498 1370 4565 πέει·

185 4636 245 4690 μοι
278 4618 310 4676 ei
333 4608 470 4688 ἕνιτόμην
507 4608 640 4688 dieunt,
672 4609 788 4674 Poiilao
819 4607 977 4684 πέτομοοι,
1010 4603 1106 4678 όπτην
1140 4609 1171 4669 ei
1201 4600 1369 4682 ἕπτοόμην,
