3309 5750
859 629 925 695 328

299 832 398 914 τούτῳ
422 834 559 911 μάλλον.
608 824 692 912 Quid
714 845 803 891 cesso
824 844 930 890 veram
950 821 1121 889 lectionem
1141 824 1362 914 patefacere?
1404 828 1483 923 Lege

298 935 426 1015 μόλιςα
448 937 474 1001 δ’
495 936 509 999 ό
530 934 617 1016 παρά
638 939 694 1006 τῆς
721 928 875 1011 ἡμετέρας
905 927 1041 1002 πόλεως,
1072 926 1190 1011 θ’σιρπερ
1216 932 1409 1011 ἑτοιμότατ’
1429 940 1480 1002 αἰ·

299 1043 342 1123 τῷ
378 1042 525 1120 δοκοῦμεν
560 1040 713 1120 χρῆσθαι,
748 1044 909 1126 expuncto
939 1033 1131 1099 emblemate
1166 1034 1322 1123 [τοσούτῳ
1359 1042 1480 1118 μᾶλλον

297 1148 446 1214 ἀπιτοῦσι
480 1143 598 1216 πάντες
636 1142 751 1229 oded}
807 1139 888 1205 Vera
923 1138 1019 1204 lectio
1048 1161 1120 1204 casu
1151 1153 1276 1206 servata
1305 1154 1369 1210 est.
1424 1143 1479 1229 Qui

299 1250 516 1316 Duuosrnunr
546 1247 640 1313 falsas
671 1247 830 1312 orationes
850 1258 1102 1336 supposuerunt,
1121 1268 1200 1337 quas
1219 1245 1413 1316 Ptolemaeo
1433 1252 1478 1318 rel

300 1355 408 1421 Attalo
426 1353 538 1444 grandi
556 1354 660 1444 pretio
678 1375 737 1443 pro
756 1352 903 1442 genuinis
921 1351 1111 1431 venderent,
1129 1375 1166 1418 er
1186 1352 1312 1419 laciniis
1330 1358 1476 1449 antiqua·

299 1484 370 1527 rum
392 1461 574 1526 orationum
592 1459 776 1525 conflabant
798 1481 908 1537 noras,
928 1458 1026 1549 idque
1049 1472 1114 1526 tam
1133 1460 1344 1529 manifestum
1365 1475 1429 1544 eet,
1443 1478 1474 1530 nt

298 1568 396 1633 mirer
415 1566 687 1657 quemadmodum
709 1564 742 1630 id
766 1578 887 1631 veteres
909 1563 1044 1633 Criticos
1062 1566 1172 1655 lugere
1191 1570 1359 1656 potuerit,
1395 1569 1475 1637 car-

299 1690 494 1751 muucnnu,
518 1671 695 1748 iirnrunu,
720 1668 924 1748 circnma,
948 1669 1151 1749 Drorrsrnu,
1174 1670 1271 1751 alios,
1295 1674 1356 1763 qni
1375 1676 1473 1742 omnia

298 1800 358 1869 pro
377 1775 629 1841 Demosthenicis
649 1774 761 1840 sedulo
781 1774 983 1854 lectitarunt,
1007 1798 1089 1865 quae
1112 1775 1210 1843 hodie
1229 1780 1396 1847 neminem
1414 1782 1472 1847 fal·

298 1882 381 1947 lunt.
429 1881 603 1959 Falsarins,
637 1881 693 1970 qui
724 1882 901 1947 orationem
929 1883 1003 1962 πρός
1032 1883 1088 1956 τὴν
1108 1884 1256 1958 ἐπιτολὴν
1279 1886 1339 1961 τὴν
1367 1889 1472 1953 Φιλίπ-

298 2010 358 2053 που
380 1985 436 2050 illo
453 1984 550 2051 modo
571 1986 750 2065 contexuit,
774 1986 807 2052 in
826 1999 966 2052 extrema
984 1987 1126 2053 oratione
1144 2013 1177 2080 p.
1190 1992 1272 2070 158,
1295 1994 1351 2058 16.
1369 2005 1468 2060 nostro

299 2092 373 2158 loco
393 2112 468 2156 usus
486 2102 546 2155 est:
570 2089 659 2163 ἀπας
677 2090 734 2169 μέν
758 2092 803 2160 ε’ςι
826 2092 922 2172 λόγος
946 2091 1083 2173 μάταιος
1105 2094 1247 2176 πρόξεαν
1269 2096 1399 2180 ἄμοιρος
1420 2124 1472 2179 γε·

300 2197 442 2277 νόμενος,
469 2194 604 2277 τοσούτῳ
634 2195 664 2260 δὲ
689 2194 816 2274 μάλιςα
841 2196 855 2260 ῦ
880 2198 967 2278 παρά
995 2203 1052 2271 τῆς
1075 2198 1230 2279 ἡμετέρας
1254 2200 1397 2277 πόλεως,
1419 2201 1473 2285 όσιρ

299 2303 447 2381 δοκοῦμεν
473 2301 557 2381 αὐτῷ
587 2299 819 2381 προχειρότατα
842 2304 977 2382 χρῆσθαι
1001 2303 1061 2367 τῶν
1087 2300 1193 2367 ἀλλων
1217 2306 1398 2383 Ἑλλήνων,
1423 2290 1474 2400 qui

300 2432 405 2477 reram
427 2406 619 2484 lectionem,
650 2417 684 2470 ut
712 2404 820 2485 rides,
845 2406 987 2473 serravit.
1034 2405 1107 2473 Non
1129 2408 1281 2475 contineo
1299 2433 1373 2492 me,
1401 2415 1474 2506 quin

299 2537 399 2581 unum
428 2514 535 2580 locum
557 2509 671 2576 addam
694 2508 948 2601 pulcherrimum
970 2522 1003 2576 et
1022 2511 1277 2594 nobilissimum,
1308 2517 1367 2584 sed
1393 2522 1475 2612 turpi

300 2620 378 2686 uitio
407 2616 548 2685 eiusdem
578 2616 699 2707 generis
724 2615 920 2683 maculatum
939 2641 970 2706 p.
992 2620 1045 2696 37,
1067 2622 1120 2684 22.
1144 2618 1216 2691 ἰσος
1237 2620 1277 2685 ἀν
1297 2628 1361 2687 τῶν
1381 2628 1475 2693 ποιοῦ.

298 2749 358 2791 τῶν
394 2723 573 2801 λνμμάτισν
611 2720 861 2798 ἀπαλλαγείητε
887 2734 919 2796 ¹,
952 2720 974 2786 ἀ
1005 2731 1069 2795 τοῖς
1103 2724 1264 2789 ἀσθενοῦσι
1297 2728 1389 2809 παροδ
1419 2737 1475 2797 τῶν

299 2831 409 2910 ἰατρῶν
435 2828 543 2898 σιτίοις
568 2824 732 2904 διδομένοις
753 2823 843 2890 ἔοικε.
869 2826 921 2891 καί
947 2826 1009 2909 γάρ
1031 2828 1134 2893 ἐκεῖνα
1153 2827 1218 2893 οὔτ’
1240 2829 1338 2910 ἰσχὺν
1363 2835 1475 2913 ἐντίθη-

298 2959 346 3001 σιν
372 2933 436 2998 οῦτ’
461 2931 663 3004 ἀποθνήσκειν
690 2931 745 3012 έρῦ,
772 2952 868 2995 nemo
887 2943 1049 3010 nostrum,
1082 2933 1138 3022 qui
1167 2931 1246 2998 haec
1273 2956 1350 3002 uum
1374 2939 1475 3008 admi-

297 3038 421 3105 ratione
449 3033 599 3123 legimus,
622 3041 689 3097 tam
712 3033 903 3100 inconcinna
923 3047 954 3100 et
974 3036 1127 3127 impedita
1149 3038 1319 3105 verborum
1340 3064 1473 3137 compo·

299 3142 413 3210 sitione
442 3149 524 3204 esset
554 3159 642 3215 usus,
666 3150 762 3228 atque
792 3137 872 3204 haec
901 3139 1005 3206 esttoi
1032 3151 1097 3215 τοῖς
1116 3144 1276 3209 ἀσθενοῦσι
1303 3150 1394 3230 παρὰ
1418 3161 1475 3218 τῶν

298 3251 408 3330 ἰατρῶν
437 3245 542 3317 σιτίοις
569 3245 733 3324 διδομένοις
763 3245 873 3329 ἔοικεν,
907 3248 963 3313 ubi
993 3257 1057 3320 τοῖς
1090 3248 1158 3313 sine
1186 3260 1403 3322 controversia
1436 3259 1472 3325 ad

297 3353 460 3435 διδομένοις
493 3350 650 3429 refertur,
680 3351 734 3417 sed
764 3374 838 3418 cum
858 3355 1036 3419 ἀσθενοῦσιν
1056 3354 1101 3421 ita
1121 3355 1331 3423 coniunctum
1352 3375 1421 3443 est,
1442 3378 1475 3430 ut

297 3460 408 3527 divelli
425 3482 491 3525 non
510 3458 629 3550 possit,
649 3459 744 3524 etiam
759 3471 927 3551 propterea
948 3458 1035 3550 quod
1054 3467 1135 3530 τοῖς
1150 3460 1312 3526 ἀσθενοῦσι
1335 3476 1402 3532 tam
1420 3491 1476 3535 ne.

297 3564 466 3631 cessarium
489 3575 537 3628 est
557 3574 654 3653 atque
675 3568 744 3627 τῶν
768 3564 890 3644 ἰατρῶν.
942 3563 1025 3646 Quid
1052 3563 1178 3628 multa?
1204 3567 1386 3640 emendari
1409 3583 1474 3647 τοῖς

296 3671 384 3751 παρόν
408 3677 466 3737 τῶν
489 3673 600 3754 ἰατρῶν
624 3669 731 3742 σιτίοις
751 3670 915 3748 διδομένοις
936 3669 1049 3750 ἔοικεν,
1078 3683 1109 3736 et
1138 3670 1286 3763 relinque
1312 3678 1475 3747 ἀσθενοῦσι

297 3774 348 3840 rel
375 3783 439 3847 τοῖς
465 3777 643 3840 ἀσθενοῦσιν
665 3773 744 3853 illis,
774 3775 892 3864 quibus
917 3776 978 3841 isto
999 3775 1217 3843 additamento
1239 3804 1319 3871 opus
1340 3806 1410 3852 esse
1429 3787 1477 3852 ri·

297 3902 366 3946 sum
388 3891 434 3945 est
455 3891 509 3944 aut
527 3878 667 3958 ridetur3
691 3891 723 3945 et
742 3879 912 3946 Lucrinus
929 3878 1079 3969 quidem,
1099 3883 1155 3972 qui
1174 3888 1362 3955 memoriter
1382 3892 1477 3958 nohi-

293 4066 530 4082 ———·-··

330 4155 350 4223 ¹)
368 4156 462 4206 Melius
487 4154 686 4220 ἀπαλλαγείη.
721 4155 799 4220 Apud
821 4156 985 4208 Haeremus
1007 4159 1088 4211 editur
1108 4163 1346 4234 καταλογισθιείη.
1374 4165 1476 4222 ’Acra-

297 4241 428 4308 κώνιον·

641 4309 710 4360 ἀλλὰ
727 4307 753 4360 σέ
773 4310 939 4362 αἰόεσθεῖεν
959 4314 984 4364 οἱ
1003 4315 1078 4365 θεοί.

295 4402 362 4449 recte
379 4394 514 4444 emendant
530 4395 777 4462 καταλογισθεῖεν,
796 4398 865 4460 qnod
882 4412 933 4448 non
949 4406 986 4449 est
1003 4399 1187 4468 ἀττικὼγηρον
1204 4405 1249 4455 sed
1263 4404 1476 4477 ’Λττινιὼτερον.

296 4482 444 4534 Mmannm
461 4479 630 4544 fragmentum
645 4488 698 4531 est:

640 4564 691 4632 οὐχ
709 4563 778 4615 ὅθεν
795 4562 980 4625 ἀπωλόμεσθα
998 4569 1151 4634 σωθείημεν
1168 4569 1211 4622 ἄν.

297 4649 365 4716 quod
381 4650 510 4701 adiuvabis
528 4650 622 4716 duplici
639 4650 741 4701 nomine
758 4649 781 4700 si
797 4649 938 4714 scripseris:

642 4733 692 4800 οὐχ
712 4733 782 4786 ὅθεν
798 4733 984 4796 ἀπσνίόμεσθα
1002 4736 1049 4785 καὶ
1063 4740 1199 4801 σωθεῖμεν
1212 4741 1245 4792 ἄν
1252 4763 1263 4802 ,·
