3309 5750
1395 731 1435 782 Π

258 906 329 981 scio
350 929 414 980 nec
442 903 617 1000 intelligo:
644 901 710 973 boc
730 900 802 973 scio
821 898 1077 992 institutionem
1101 899 1317 988 litterariam,
1342 925 1428 999 qua·

256 1031 325 1107 lem
353 1032 403 1107 iis
424 1028 594 1130 impertiri
615 1027 803 1116 debemus,
827 1028 891 1126 qui
912 1028 977 1100 flos
1004 1035 1040 1101 et
1062 1028 1168 1102 robur
1193 1036 1277 1102 sunt
1295 1030 1427 1126 patriae

224 1141 229 1148 ⁵
255 1162 466 1247 iuventutis,
494 1160 546 1233 ita
565 1164 800 1255 comparatam
828 1155 909 1230 esse
925 1157 1101 1254 oportere,
1126 1163 1167 1229 ut
1186 1156 1363 1230 iudicandi
1392 1164 1428 1231 et

256 1290 328 1362 vari
348 1286 556 1362 inveniendi.
566 1284 710 1358 facultas
733 1283 771 1356 in
792 1284 1002 1357 iuvenilibus
1020 1283 1146 1357 animis
1168 1283 1331 1357 omnibus
1349 1309 1424 1359 mo-

255 1416 505 1490 disexcitetur
524 1420 561 1486 at
582 1411 709 1498 alc'tm,
725 1419 763 1486 et
782 1411 870 1486 nihil
888 1435 964 1485 esse
985 1436 1089 1485 sanae
1110 1411 1236 1486 rationi
1257 1411 1424 1509 pernicio-

256 1544 332 1618 sius
368 1546 636 1638 quammature
662 1520 839 1612 assuefieri
859 1539 917 1626 id,
946 1539 1281 1637 quodmalesanum
1303 1545 1339 1611 et
1362 1538 1425 1613 ab·

259 1659 406 1737 surdum
435 1665 502 1746 est,
521 1660 636 1758 inepta
660 1665 697 1757 et
719 1666 850 1733 temere
874 1659 1132 1758 interpretando
1150 1686 1362 1763 concoquere
1388 1675 1424 1741 at

255 1788 369 1876 ferre,
397 1812 658 1885 nonnumquam
691 1794 728 1859 et
759 1787 904 1885 probare
939 1795 975 1861 et
1002 1786 1181 1879 admirari,
1216 1799 1253 1866 et
1286 1794 1423 1869 tamdiu

251 1917 382 1992 iudicio
408 1916 476 1991 vim
498 1916 622 1990 inferre
651 1915 762 1990 donec
784 1915 948 1990 hebescat
969 1924 1005 1991 et
1029 1918 1173 1992 tandem
1195 1918 1423 2017 depravatum

220 2065 223 2072 ·
252 2053 287 2119 et
309 2044 488 2120 obtusum·
502 2044 637 2131 omnia,
663 2068 754 2142 quae
769 2050 913 2142 propter
938 2043 1062 2120 vitium
1084 2045 1233 2144 intelligi
1253 2070 1323 2122 non
1341 2074 1421 2148 pos·

251 2182 353 2262 sunt,
380 2175 477 2248 nullo
501 2174 642 2272 negotio
667 2172 735 2246 sibi
759 2173 928 2270 explicare
951 2198 1052 2271 posse
1077 2174 1244 2250 videatur.

275 2304 525 2400 *Quamquam
550 2300 638 2399 quid
660 2300 787 2375 attinet
807 2301 845 2373 in
870 2300 1009 2374 illorum
1032 2301 1205 2377 erroribus
1229 2303 1422 2380 refutandis

248 2454 390 2528 operam
403 2429 572 2527 perdere,
602 2428 665 2526 qui
687 2429 731 2502 de
756 2428 799 2502 iis
819 2428 926 2503 rebus
945 2428 1121 2516 indicant,
1141 2455 1243 2527 quas
1263 2432 1421 2508 nondum

249 2558 333 2631 satis
362 2562 633 2655 perspexerunt,
654 2563 694 2629 et
719 2581 760 2630 cc
786 2556 910 2629 volunt·
934 2562 1153 2633 contemnere
1180 2556 1306 2645 videri,
1332 2584 1421 2656 quae

248 2691 443 2783 nimquam
465 2708 670 2783 cognoscere
694 2684 809 2758 conati
833 2685 955 2757 suntP·
992 2684 1030 2757 Si
1056 2684 1134 2782 quis
1159 2708 1281 2758 eorum
1302 2685 1341 2760 id
1364 2711 1420 2761 aa·

248 2813 331 2887 tatis
353 2820 407 2888 est
430 2820 466 2892 et
483 2811 687 2910 coingenio
708 2811 903 2910 praeditus,
919 2818 971 2891 :ut
991 2811 1101 2911 possit
1124 2811 1323 2889 admonitus
1342 2838 1419 2891 mu·

248 2951 326 3018 tare.
355 2942 563 3036 senteutiam
594 2947 629 3014 et
659 2940 880 3042 resipiscere,¹
910 2940 1074 3016 facillima
1104 2966 1160 3016 res
1191 2948 1246 3016 est
1277 2948 1454 3020 causam‘

248 3070 560 3169 nonenoeane
582 3070 677 3167 q'uod
697 3070 882 3163 rerum-sit
903 3070 1081 3167 dispicere.
1117 3071 1313 3170 Conponat
1329 3072 1418 3147 mihi

246 3196 385 3296 aliquis·
398 3197 571 3295 scriptoris
592 3197 716 3270 Graeci
737 3197 923 3272 cuiuslibet
944 3204 1005 3271 aut
1025 3197 1193 3274 Aldinam
1214 3207 1276 3273 aut
1295 3226 1417 3298 quam·

247 3326 300 3401 vis
321 3333 472 3400 veterem
498 3324 686 3400 editionem
708 3348 789 3398 oum
810 3350 868 3413 ea,
894 3350 984 3423 quae
1003 3332 1097 3400 nunc
1122 3326 1329 3405 (triticorum
1351 3329 1418 3404 sol·

247 3454 345 3537 lertia
362 3452 647 3555 ¹emendatissima
663 3460 736 3538 est,
762 3461 797 3526 et
818 3453 856 3525 in
880 3453 1050 3550 crineque
1075 3453 1327 3528 emendationis
1348 3455 1419 3528 ori·

245 3581 364 3679 ginem
384 3588 421 3655 et
445 3589 623 3657 auctorem
641 3579 810 3678 inquirat,
830 3580 1058 3654 admirabitur
1084 3586 1153 3672 (sat
1169 3581 1252 3672 scio)
1280 3583 1419 3658 illorum

243 3710 482 3787 incredibilem
515 3710 737 3807 sagacitatem
769 3717 805 3783 et
831 3733 977 3785 acumen
1000 3708 1122 3783 iudicii
1147 3717 1184 3783 et
1209 3709 1293 3784 felix
1319 3709 1416 3808 inge-

244 3838 362 3926 nium,
397 3837 526 3935 quibus
561 3862 597 3910 se
623 3837 706 3911 haec
738 3838 864 3912 debere
889 3844 1010 3935 gratus
1036 3837 1239 3936 comperiet,
1270 3844 1307 3912 et
1331 3838 1367 3912 fa
1402 3879 1416 3896 ·

243 3966 340 4054 bitur
361 3966 493 4041 nnllam
519 3966 623 4041 aliam
647 3991 721 4039 esse
744 3973 871 4054 artem,
896 3990 986 4063 quae
1011 3965 1112 4064 plura
1131 3973 1168 4039 et
1189 3964 1416 4041 luculentiora
1533 3972 1536 3978 '

244 4101 286 4169 et·
300 4093 444 4168 certiora
461 4094 660 4193 pepererit,
688 4102 723 4167 et
751 4079 918 4168 ductura
940 4092 1110 4190 quamdiu
1131 4093 1215 4168 haec
1237 4092 1283 4167 ab
1303 4092 1415 4166 homi·
1502 4168 1505 4175 ,

242 4221 348 4294 nibus
376 4221 623 4320 intelligentur.
676 4222 767 4297 Sunt
793 4220 939 4318 quidam
961 4219 1112 4296 adhaec
1135 4219 1290 4294 dmiores
1313 4226 1349 4293 et
1373 4242 1414 4293 ao

242 4348 419 4426 stomacho
439 4356 480 4423 ut
500 4348 615 4423 omnia
634 4355 851 4447 concoquant
870 4355 905 4422 et
924 4372 1046 4446 aegra,
1076 4346 1214 4434 vitiosa,
1238 4346 1415 4425 malesana

242 4476 285 4548 ab
311 4477 414 4551 rectis
440 4484 475 4550 et
496 4477 582 4551 veris
603 4485 638 4553 et
664 4477 781 4576 probis
799 4476 996 4567 ,discernere
1014 4474 1085 4552 iam
1106 4476 1211 4574 plane
1228 4482 1412 4572 nequeant.

241 4601 436 4702 Supersunt
453 4603 545 4678 illius
557 4603 1036 4704 ¹generis.reliquum-quod
1053 4603 1185 4705 notavit
1203 4603 1414 4678 Baurnnrus

236 4730 272 4804 in
307 4732 368 4807 illo
401 4763 419 4801 u
430 4733 599 4821 sacrifico,
631 4734 693 4832 qui
730 4759 793 4831 per
819 4757 895 4807 xxx
930 4755 1040 4805 annos
1070 4729 1284 4803 Mureniana.
1301 4726 1415 4823 legere

237 4860 357 4937 solitus
380 4885 443 4959 pro
474 4865 675 4949 Scaeuo,
706 4885 816 4959 quum
838 4867 1041 4939 moneretur.
1060 4883 1088 4958 a¹
1101 4857 1221 4940 docto,
1254 4858 1296 4926 ut
1322 4875 1414 4927 erro·
1479 4946 1481 4951 ¹
