3309 5750
715 625 720 633 ’
797 657 859 722 sor

242 850 407 944 ingenium
431 861 462 915 et
489 848 630 916 indolem
657 848 818 916 insinuare
839 861 968 917 strenuo
989 864 1021 919 et
1043 852 1203 922 indefesso
1223 856 1334 923 labore
1353 879 1412 923 ro·

238 959 319 1038 lent,
337 960 375 1024 iis
396 958 476 1025 riam
498 958 621 1047 praeire
640 969 672 1023 et
690 957 860 1048 propositis
880 958 1031 1048 exemplis
1048 962 1239 1051 quibusdam
1258 962 1410 1051 insignio·

241 1065 330 1131 ribus
354 1087 423 1129 eam
447 1064 602 1129 rationem
622 1063 660 1129 iis
679 1062 801 1153 aperire
819 1076 852 1129 et
871 1063 1069 1154 patefacere,
1094 1090 1192 1156 quam
1210 1067 1270 1158 ipsi
1289 1067 1323 1132 in
1344 1066 1411 1131 sin-

241 1169 323 1258 gulis
342 1181 576 1259 persequantur
595 1181 627 1233 et
646 1169 831 1259 perficiant,
855 1180 891 1232 ut
913 1171 1103 1259 comparatis
1120 1171 1204 1237 inter
1222 1194 1289 1237 sese
1308 1170 1410 1236 Athe·

237 1276 400 1341 aiensibus
420 1287 452 1341 et
471 1275 621 1353 Ionibus,
641 1274 753 1339 atticis
767 1286 800 1339 et
813 1273 983 1352 litteistis,
995 1275 1134 1365 antiquis
1145 1288 1177 1341 et
1189 1275 1409 1367 sequioribus,

238 1384 319 1447 sanis
340 1395 372 1447 et
392 1379 508 1472 aegris,
527 1380 796 1472 praestantissimo
814 1404 945 1472 quoque
960 1403 1033 1447 cum
1054 1382 1279 1463 deterioribus,
1298 1407 1408 1451 omnes

239 1489 382 1554 omnium
413 1503 595 1579 temporum
621 1488 788 1579 scriptores
810 1488 947 1553 Graecos
966 1488 1146 1579 intelligere
1167 1490 1290 1557 discant
1311 1490 1408 1556 etsie

240 1596 467 1684 interpretari
494 1593 658 1683 quaesibi
680 1606 766 1658 recte
787 1594 950 1660 intellecta
973 1596 1054 1675 siut,
1079 1607 1110 1661 et
1130 1598 1307 1664 emendare
1325 1618 1411 1686 quae

239 1712 420 1791 temporum
447 1711 478 1764 et
498 1698 664 1765 hominum
687 1700 762 1765 vitio
781 1699 922 1789 intelligi
941 1701 981 1766 ab
1000 1724 1077 1766 sano
1097 1701 1228 1768 homine
1249 1726 1313 1769 non
1333 1725 1409 1791 pos-

238 1806 310 1873 sint.
366 1803 594 1894 compluscula
624 1805 687 1870 ium
718 1805 751 1868 in
779 1803 996 1873 Acctrrruonu
1024 1807 1218 1887 notavimus,
1249 1807 1408 1874 nonnulla

238 1912 272 1977 in
304 1911 455 1979 Lucrino
483 1909 685 1975 emendando
718 1908 948 2000 adspersimus,
978 1912 1139 2003 permulta
1174 1914 1406 2005 unusquisque,

235 2018 294 2107 qui
310 2016 493 2082 Locrrnmr
506 2015 677 2106 diligenter
692 2038 766 2081 cum
783 2016 951 2096 Praronr,
971 2017 1149 2097 Isocnrrn,
1167 2018 1408 2098 Dnuosrnnnr,

239 2111 475 2191 nnrsrosn'me
504 2144 688 2212 comparare
714 2135 746 2188 et
775 2122 844 2187 eius
869 2123 1044 2189 dictionem
1068 2124 1106 2190 ed
1132 2126 1263 2191 illorum
1284 2126 1409 2215 exigere

238 2231 403 2308 instituet,
441 2228 508 2319 ipse
537 2227 787 2317 nullo'negotio
815 2230 972 2319 reperiet,
1011 2232 1222 2321 quamobrem
1251 2232 1410 2298 nonnulla

238 2337 378 2402 breviter
393 2333 655 2425 perstringemus,
671 2334 843 2422 insigniora
862 2335 1019 2423 quaedam
1032 2337 1162 2403 uberius
1171 2360 1412 2427 persequemur·

288 2442 334 2507 Ac
353 2442 493 2531 primum
513 2437 643 2528 quidem
662 2438 751 2502 illam
768 2437 875 2505 labem
895 2439 1070 2506 dicendiet
1089 2443 1309 2507 confusionem
1325 2441 1411 2507 indi·

240 2548 405 2625 cabimus,
436 2568 500 2634 qua
527 2568 636 2609 omnes
658 2544 819 2635 sequiores
841 2544 985 2610 laborare
1010 2540 1149 2627 ridebis,
1173 2570 1273 2637 quum
1296 2545 1411 2612 Atticis

238 2653 348 2719 Ionica
377 2652 498 2741 inepte·
516 2650 661 2716 inserunt
688 2662 721 2715 et
747 2661 915 2741 utramque
934 2650 1107 2717 dialectum
1129 2652 1206 2717 olim
1228 2650 1411 2718 certissimis

241 2760 359 2825 finibus
385 2756 656 2846 circumscriptam
683 2744 855 2822 ridiculum
877 2757 909 2821 in
930 2755 1063 2823 modum
1082 2758 1299 2824 commiscent.
1350 2758 1412 2842 Qui

237 2865 405 2955 eleganter
435 2863 595 2930 scribendi
622 2863 808 2929 facultatem
830 2887 867 2930 er
888 2863 978 2929 libris
998 2878 1140 2932 veterum
1166 2865 1360 2956 colligebant
1379 2877 1412 2931 et

239 2973 384 3052 alebant,
416 2994 481 3037 non
507 2971 631 3037 minore
664 2970 770 3036 studio
801 2983 834 3036 et
854 2971 1063 3038 admiratione
1083 2973 1295 3040 Hunonorurt
1314 2995 1412 3064 quam

243 3079 365 3145 Atticos
386 3079 680 3170 prosequebantur,
698 3090 730 3143 et
750 3077 848 3143 melle
870 3077 1047 3145 dulciorem
1068 3079 1242 3146 dictionem
1265 3081 1412 3146 llerodo·
1518 3158 1520 3163 ,

240 3199 323 3252 team
345 3208 417 3250 cum
440 3186 570 3274 eloquio
593 3184 702 3249 Attico
720 3186 753 3249 in
775 3206 829 3249 sua
852 3186 970 3275 scripta
992 3186 1273 3265 transfundebant,
1296 3211 1410 3278 parum

238 3289 440 3357 attendentes
469 3312 565 3379 quam
595 3289 788 3353 inconcinne
813 3301 846 3354 et
865 3291 1063 3380 ineleganter
1087 3294 1141 3358 illa
1160 3294 1302 3369 coirent,
1327 3314 1411 3380 quae

242 3407 353 3484 suapte
382 3407 494 3459 natura
524 3405 556 3458 et
585 3416 622 3459 er
652 3392 717 3458 fide
738 3416 843 3459 rerum
864 3396 1001 3461 discreta
1023 3420 1148 3487 semper
1166 3420 1255 3463 more
1277 3397 1414 3487 locoque

239 3502 382 3567 luissent.
431 3500 487 3564 Est
515 3520 551 3564 en
578 3521 627 3564 res
657 3496 861 3578 huiusmodi,
894 3512 930 3564 ut
950 3501 1024 3565 satis
1043 3501 1083 3566 sit
1103 3502 1249 3592 exempla
1269 3524 1414 3569 errorum

239 3630 378 3699 ponere,
412 3605 528 3696 quibus
556 3605 698 3672 colorem
726 3604 842 3695 aliquis
868 3628 1020 3696 quaerere
1039 3608 1180 3698 poterit,
1204 3609 1230 3673 si
1254 3607 1362 3686 volet,
1382 3619 1415 3674 at

240 3714 397 3806 permixta
431 3737 498 3781 esse
529 3736 611 3804 quae
640 3713 717 3778 olim
749 3735 875 3803 semper
903 3726 1043 3804 separata
1071 3713 1191 3782 luerint
1221 3737 1316 3780 nemo
1340 3714 1415 3780 infi-

241 3822 300 3887 tias
328 3822 389 3902 ire,
419 3833 455 3886 nt
487 3822 519 3886 iri
550 3844 585 3887 re
614 3832 716 3899 certa,
742 3820 871 3910 poterit.
919 3819 973 3885 Sic
993 3819 1073 3885 mihi
1095 3820 1225 3911 quidem
1246 3820 1414 3911 perinepta

239 3927 343 3993 solent
373 3928 491 4007 videri,
526 3951 608 4018 quae
637 3928 752 4018 scripta
782 3938 857 3992 sunt
888 3927 922 3992 in
954 3925 1041 3992 hunc
1068 3926 1221 4007 modum,
1245 3926 1341 4018 quale
1367 3936 1415 3991 est

240 4036 303 4111 47,
339 4035 369 4099 1.
395 4034 455 4112 χρὴ
484 4033 601 4097 αὐτίκα
629 4033 724 4111 μάλα
750 4033 926 4114 regrediar
950 4035 1003 4098 τὸν
1029 4032 1217 4098 Ἀπόλλωνα
1234 4033 1250 4108 ἢ
1270 4029 1416 4111 οἴχεσθαί

239 4140 271 4204 οἱ
304 4138 359 4212 τὴν
383 4136 476 4213 δόξαν
503 4142 560 4209 τῆς
591 4135 728 4215 τέχνης,
755 4147 810 4202 aut
836 4140 853 4222 §
880 4141 932 4203 34.
950 4140 1006 4212 τὴν
1027 4137 1188 4219 κωμῳδίαν
1211 4138 1295 4218 αὐτῷ
1317 4135 1415 4218 παρέ-

239 4242 335 4326 ζενξα
364 4240 417 4306 καὶ
441 4239 527 4305 κατα
549 4243 640 4303 ταῦτα
666 4241 785 4315 πολλήν
811 4243 844 4306 αἱ
871 4243 1099 4322 μηχανώμενος
1118 4243 1173 4316 τὴν
1194 4240 1331 4315 εὔνοιαν,
1358 4253 1414 4306 aut

240 4350 303 4427 68,
327 4350 380 4413 21.
408 4348 433 4413 εἰ
460 4347 490 4412 δὲ
511 4345 563 4410 καὶ
585 4343 710 4416 παντως
732 4345 879 4423 διέγνωςό
898 4349 930 4411 οἱ
949 4345 1234 4422 ἀπαλλάττεσθαι,
1254 4359 1286 4412 et
1308 4350 1366 4426 47,
1385 4351 1415 4413 4.

242 4453 324 4531 ἥκειν
358 4454 401 4524 εἰς
431 4453 553 4533 ’Ἄρειον
589 4449 710 4528 πάγον,
747 4450 813 4514 ἐκεῖ
845 4450 875 4514 δὲ
911 4451 966 4524 τὴν
998 4450 1056 4528 μὲν
1089 4449 1186 4526 Δίκην
1220 4454 1415 4531 ἀποκληροῦν

242 4557 357 4641 σφίσι
378 4555 421 4620 τὰ
441 4557 621 4637 trascripta,
645 4565 676 4619 et
701 4556 763 4633 70,
783 4557 836 4619 24.
856 4552 1020 4635 ὀρέγοντας
1046 4560 1155 4637 σφισι
1173 4556 1208 4621 rl
1228 4555 1363 4632 ἔκπωμα
1381 4566 1414 4619 et

233 4668 261 4752 ·§
277 4668 327 4729 14.
348 4655 628 4740 evemweeitete
645 4660 758 4752 σφίσν
780 4662 814 4725 τὸ
833 4659 973 4726 wiurimos
996 4671 1028 4725 et
1047 4661 1178 4740 similia,
1197 4684 1255 4752 pro
1275 4662 1360 4740 αὐτῷ
1380 4671 1414 4724 ct

241 4772 350 4843 αὐτοῖς
382 4787 472 4833 more
499 4763 610 4834 lonico
639 4757 776 4834 llouunt
800 4779 832 4835 et
853 4765 1030 4834 llrnouort
1046 4768 1169 4859 positu,
1194 4765 1280 4858 quod
1302 4765 1414 4834 sitium
