3309 5750
809 645 874 707 235

252 832 379 912 λέγειν,
413 835 552 901 emenda
578 836 662 901 nato
696 837 804 915 δόοροοιο
829 836 957 916 λέγειν,
988 848 1024 902 ut
1048 836 1083 901 iu
1100 834 1267 902 t’nnorn
1286 836 1442 925 Apolog..

252 960 284 1028 p.
314 942 368 1005 21.
400 958 430 1005 c.
460 940 589 1019 όνόμοοτο
625 942 656 1005 δὲ
688 943 771 1007 οὐδὲν
802 942 912 1020 δόοριοοο
938 943 1045 1021 λέγειν
1069 952 1101 1007 et
1124 941 1170 1005 sie
1194 963 1304 1008 omnes
1330 940 1427 1007 utrici

250 1043 441 1134 loquuntur.
473 1045 574 1112 XXV.
597 1050 629 1111 2.
658 1046 770 1125 βλέπον
791 1044 813 1111 οδ
837 1047 890 1111 καὶ
915 1045 1093 1129 adnixae,
1117 1045 1426 1113 detexatxxvtt.

251 1152 281 1213 2.
310 1150 324 1213 ὃ
351 1151 498 1232 ἡμέτερος
528 1151 704 1240 requiritur
725 1159 882 1228 nostras,
912 1149 1100 1227 Thebanus,
1129 1150 1238 1239 itaque
1263 1146 1424 1227 ἡμεδκκός

249 1266 305 1318 aut
323 1254 426 1319 leuius
440 1255 626 1335 ἡμετέρεοος.
650 1258 710 1339 §7.
725 1256 1002 1321 ὀκτωκαιδεκαέτει
1014 1244 1136 1344 corrige
1152 1252 1422 1326 όκτωκκοδεκέτεο,

248 1358 399 1449 frequens
426 1360 489 1425 hoc
518 1360 631 1424 sitium
652 1373 709 1426 est.
749 1363 768 1445 §
789 1364 818 1425 9.
843 1360 911 1438 βίον
935 1358 1048 1440 ἄκορον
1072 1357 1169 1440 εἶχον.
1188 1359 1273 1438 ἔχειν
1296 1358 1364 1435 βίον
1384 1355 1424 1421 de

249 1466 396 1529 lautiore
422 1471 512 1530 victa
540 1464 674 1543 dieitur,
702 1476 738 1530 ut
768 1464 895 1545 ἔχοντες
920 1464 1040 1537 adradi
1069 1464 1158 1541 βίον,
1183 1463 1251 1540 βίον
1274 1461 1423 1543 ἄφόονον,

249 1569 318 1634 sim.
343 1569 384 1634 de
401 1575 491 1635 oilae
508 1594 629 1659 genere
650 1573 703 1654 ζῆν
728 1570 812 1651 βίον,
836 1570 889 1650 ζῆν
912 1567 980 1646 βίον
1004 1566 1214 1647 depannant,
1238 1567 1329 1643 κκγὼ
1354 1563 1423 1642 βίον

247 1671 336 1754 ἔζης,
362 1697 461 1763 quare
488 1675 558 1765 lege
587 1675 654 1753 βίον
679 1674 792 1755 ἄπορον
816 1674 900 1756 ἔζων.
922 1694 963 1738 ne
985 1672 1113 1738 dubites
1134 1672 1213 1738 seito
1237 1671 1271 1736 in
1296 1668 1423 1760 optimis

248 1776 340 1842 libris
365 1802 431 1844 esse
455 1779 535 1859 ἔχων
561 1802 619 1870 pro
643 1776 740 1859 εἶχον.
1062 1841 1065 1846 ,
1154 1837 1158 1845 .

291 1882 331 1948 ln
360 1886 522 1975 Menippo
551 1889 607 1968 ti,
645 1890 674 1950 1.
704 1885 775 1974 lege
803 1888 833 1949 ν’
854 1885 984 1951 Ιἐπεῖδον
1012 1906 1071 1976 pro
1097 1884 1133 1949 σε’
1159 1888 1193 1963 γ’
1219 1880 1309 1952 εἶδον.
1336 1880 1426 1972 quod

245 1990 343 2079 paulo
371 2003 443 2081 post
475 1991 593 2080 legitur
623 1992 722 2056 πολὺν
755 1989 818 2070 rap
849 1988 957 2069 χρόνον
982 1992 1015 2056 οὐ
1042 1989 1189 2070 aridam
1214 1991 1245 2053 ἐν
1271 1998 1310 2069 τῇ
1336 1988 1426 2054 πόλει

248 2118 314 2162 uon
343 2109 392 2161 cst
421 2096 589 2163 Graecum.
621 2094 722 2161 codd.
751 2092 904 2160 exhibent
925 2094 1023 2165 πολὺς
1047 2094 1110 2173 χόορ
1135 2092 1242 2172 χρόνος
1263 2088 1316 2166 οὗ,
1342 2093 1427 2158 uude

247 2203 382 2289 emergit
414 2213 490 2267 nota
518 2201 675 2291 loquendi
695 2200 796 2266 forma
817 2200 916 2269 πολὺς
941 2199 1003 2281 adop
1029 2197 1137 2279 χρόνος
1161 2197 1196 2275 ἐξ
1219 2195 1288 2263 ότον
1315 2202 1347 2264 οὐ
1372 2199 1429 2272 νοέ-Ι

246 2310 368 2387 φκνοος,
389 2304 506 2370 deinde
527 2305 598 2395 lege
626 2306 851 2383 οὶνοοβεβοοοκῶς
871 2327 930 2393 pro
949 2303 1178 2382 οὶνκβεβόοοκεν.
1222 2303 1322 2370 Recte
1342 2304 1429 2368 Bu·

249 2427 326 2475 ium.
348 2412 367 2494 §
388 2414 419 2475 4.
440 2410 561 2499 recepit
588 2409 838 2474 ilausrrnuusu
853 2407 1123 2474 emendationem
1151 2405 1210 2478 όςε
1238 2432 1290 2484 μοι
1312 2409 1428 2489 χρυσόν

246 2514 417 2589 οέοοέδειξοον
439 2509 520 2578 οὗτοι
538 2516 591 2580 τόν
608 2519 668 2577 τῶν
689 2515 813 2578 ἰδιωτῶν
832 2513 914 2591 βίον.
952 2512 1155 2601 Quicumque
1177 2510 1429 2578 Haustuuflusll

247 2618 489 2684 annotationem
505 2616 546 2682 de
564 2640 600 2684 ea
617 2617 781 2686 locutione
802 2617 835 2682 in
856 2629 1010 2708 promptu
1026 2616 1139 2695 hahet,
1155 2629 1210 2682 aut
1226 2639 1308 2706 quae
1319 2616 1430 2683 Vrtu-

246 2711 335 2800 altis}
369 2722 565 2788 Eruendalt.
592 2720 651 2788 ΙΙΙ.
683 2726 743 2800 17,
773 2721 950 2788 Kusttttttts
974 2722 1014 2786 ad
1042 2723 1176 2792 Sulnuu
1203 2742 1233 2786 v.
1252 2723 1427 2798 ἐπέκλυσε,

246 2826 543 2895 Wrrrnnnionrns
576 2826 615 2893 ad
650 2828 862 2895 Phaedonem
890 2853 922 2919 p.
956 2833 1028 2898 180.
1060 2828 1428 2918 congesserunt,.nullo

245 2933 376 3020 negotio
406 2935 552 3001 restituet
582 2934 689 3011 locos,
726 2957 807 3024 quos
837 2935 961 3003 inscitia
991 2936 1167 3002 scribarum
1194 2936 1244 3003 rel
1268 2935 1429 3001 editorum

245 3037 397 3128 perdidit.
426 3037 464 3105 Iu
485 3039 648 3107 Petronis
666 3038 832 3130 Epistola
854 3040 922 3106 vit.
940 3066 973 3132 p.
994 3046 1070 3108 324.
1088 3061 1121 3109 u.
1138 3043 1208 3123 όρῶν
1226 3044 1296 3114 τοὺς
1314 3041 1427 3122 ἄνδροος

245 3145 277 3213 ἐν
309 3143 409 3225 χρόνῳ
434 3144 530 3224 όλόχςο
552 3152 699 3224 χρνννῑν
727 3144 959 3221 ἀποδείξοντος
983 3148 1039 3222 τὴν
1069 3144 1239 3227 ἔμπροσθεν
1263 3146 1426 3211 retiariae

245 3270 341 3315 nemo
368 3246 476 3313 adhoc
500 3248 622 3336 recepit
643 3247 896 3315 Heusrrauuarr
919 3262 1039 3317 certam
1060 3255 1291 3317 correctionem
1310 3249 1426 3329 χρυσὸν

246 3353 498 3429 ἀποδείξοντος,
533 3375 630 3441 quom
657 3352 798 3440 optimus
825 3353 925 3421 codex
948 3356 1138 3421 Parisinus
1160 3356 1195 3418 Α.
1216 3353 1428 3421 confirmarit.

245 3457 358 3527 Pano
379 3457 468 3542 (nam
485 3456 650 3525 Patronus
663 3457 763 3546 ipsius
778 3479 845 3526 essa
861 3456 945 3525 hanc
964 3458 1130 3549 epistolam
1150 3469 1184 3523 et
1202 3470 1426 3545 argumentum

245 3575 279 3633 et
307 3563 399 3631 stilus
426 3561 582 3641 clamant.
617 3575 650 3631 et
681 3563 844 3629 neminem
870 3562 968 3629 alium
999 3563 1032 3629 iu
1054 3561 1184 3628 Graecia
1205 3564 1351 3627 norimus
1370 3562 1427 3652 qui

245 3667 286 3735 de
307 3667 357 3734 his
379 3668 476 3741 rebus
495 3673 546 3737 aio
567 3669 705 3755 scribere
724 3668 889 3758 potuisset.
936 3667 1138 3759 ineptissime
1158 3680 1263 3735 nutem
1281 3668 1426 3758 Epistola

245 3795 307 3845 uua
329 3787 436 3864 ‚atque
465 3775 576 3841 eadem
596 3776 629 3841 in
651 3774 730 3839 duaa
750 3794 852 3853 nuuc,
874 3772 935 3845 ΥΠ
954 3786 993 3842 et
1016 3772 1109 3852 viti,
1129 3797 1186 3864 per
1207 3773 1269 3839 rim
1294 3773 1424 3841 discissa

242 3884 305 3964 est>
344 3879 454 3945 Puero
488 3881 584 3969 igitur
613 3881 701 3949 hunc
730 3879 903 3951 flosculum
934 3903 973 3947 ex
1001 3880 1168 3947 Euutrluu
1199 3878 1357 3970 decerpsit
1387 3877 1422 3943 iu

246 3985 436 4053 Troadibus
461 3990 556 4061 436..
618 4052 621 4059 ,
671 4048 674 4053 .

444 4093 482 4163 ὡς
505 4094 622 4172 χρυσός
646 4093 730 4172 adici
755 4090 849 4171 τόμόο
871 4091 924 4179 nai
950 4095 1075 4172 Φρυγῶν
1099 4089 1186 4155 κοοκοό

270 4262 274 4267 ,
444 4196 525 4273 tito
550 4198 621 4260 κοτ’
644 4192 733 4263 sivan
780 4260 783 4267 .
824 4260 828 4267 .

244 4312 278 4375 et
302 4300 418 4382 χρνοδν
447 4297 664 4367 οὶκοδεοκνόνοοο
690 4297 773 4367 nihii
794 4297 887 4363 aliud·
904 4309 952 4365 eat
970 4297 1035 4365 uisi
1051 4306 1149 4363 ποιεῖν
1171 4300 1286 4380 χρυσόν
1311 4298 1421 4365 δοκεῖν.

242 4413 362 4488 χρυσῆν
381 4405 414 4470 in
437 4405 590 4471 Praroun
609 4414 642 4470 et
659 4410 794 4483 χρυσοῦν
814 4400 901 4492 apud
921 4403 1100 4469 Lueriruu
1119 4413 1184 4469 tam
1204 4422 1370 4493 perperam
1390 4413 1423 4467 et

242 4510 353 4585 ritinae
374 4511 460 4577 diota
481 4523 561 4577 sunt·
574 4531 611 4577 aa
630 4510 656 4575 si
677 4509 709 4587 in
730 4508 900 4585 naamon
916 4510 1022 4588 χρνοοῖ
1038 4529 1097 4596 pro
1114 4507 1231 4589 χρυσός
1252 4508 1421 4597 legeretur.
1535 4584 1540 4592 Ι

243 4614 327 4683 Satis
356 4628 503 4706 apertum
532 4626 579 4681 eat
607 4614 788 4683 inertior
816 4611 965 4682 Patron
987 4609 1071 4677 hanc
1097 4633 1228 4702 quoque
1256 4622 1422 4687 venustam

238 4720 436 4790 locutionem
472 4719 655 4809 sublegisse.
697 4718 853 4786 Similiter
886 4715 982 4783 multi
1015 4716 1071 4795 alii
1105 4717 1273 4799 iecerunt,
1306 4715 1340 4781 in
1368 4711 1417 4795 hir¹

1162 4820 1217 4871 rt*
