3309 5750
809 648 876 715 367

247 851 324 917 clim
343 847 484 939 magistri
503 858 535 913 et
556 844 647 911 scioli
670 843 860 923 turbarunt,
891 840 1033 910 derivata
1052 868 1070 909 a
1092 844 1198 920 λίπω,
1225 846 1363 926 ἐκλίπω,
1389 860 1425 915 ut

247 964 403 1030 ςαλῆναι,
438 955 577 1034 δαρλναι.
604 985 608 993 -
635 950 697 1015 Ριο
734 949 820 1015 λίπω
860 948 1021 1038 aequiores
1059 949 1176 1032 λεπίζω
1208 950 1359 1018 dicebant
1391 967 1423 1021 ct

209 1068 214 1074 ’
245 1061 418 1142 ἐκλεπίζειν
444 1059 489 1139 riri
508 1080 567 1148 pro
586 1056 739 1121 ἕκλὲπειν.
788 1054 930 1120 Reddidi
954 1056 1032 1121 olim
1053 1055 1262 1124 Hll’t’octaarl
1281 1060 1422 1137 ἕκλαπή-

245 1191 336 1231 σεται
352 1188 389 1230 ex
405 1166 575 1231 Euorrsrto
585 1185 644 1253 pro
660 1161 831 1231 manifesto
847 1163 1131 1253 interpretamento
1146 1165 1428 1250 ἕκλεπισίήσεται,

244 1282 278 1337 et
297 1271 467 1337 Htstctno
487 1277 683 1343 λαπῆναιι
707 1271 891 1344 λεπισίῆναι
912 1291 971 1359 pro
992 1272 1195 1344 testudinata.
1231 1271 1423 1337 Euorlattus

244 1400 272 1445 r,
293 1380 511 1453 ἕκλαπήσεται
540 1375 785 1439 rrrsromrrrs
804 1374 877 1441 locs
898 1374 1016 1454 utitur,
1040 1397 1137 1465 quem
1162 1374 1267 1440 adhuc
1285 1376 1422 1466 pessime

245 1495 433 1573 corruptum
455 1478 653 1545 circumferri
673 1476 783 1545 video:
816 1480 943 1562 φήμαις
967 1474 1017 1544 οὖν
1044 1481 1105 1557 ἐγὼ
1128 1479 1246 1560 βροτῶν
1271 1480 1421 1553 ἅπαντας

245 1590 442 1665 ἐκλαπῆναι,
477 1595 600 1649 certum
629 1595 676 1648 est
700 1586 825 1665 Φήμαις
853 1578 903 1648 οὖν
929 1596 1040 1649 natum
1070 1606 1138 1649 essa
1166 1606 1204 1649 er
1223 1587 1360 1667 Qiu'o'riv
1389 1585 1422 1649 id

245 1704 293 1758 est
311 1694 398 1773 Φείμ
421 1686 470 1756 οὖν
491 1714 553 1755 non
575 1691 670 1772 Φήμ”
693 1684 742 1753 οὖν
762 1688 795 1753 id
816 1700 864 1754 est
881 1691 1008 1770 φήμαις
1032 1685 1094 1755 οὖν.
1143 1689 1222 1755 Vitii
1246 1690 1344 1779 igitur
1370 1714 1421 1757 se·

244 1797 299 1863 des
319 1798 418 1863 estin
439 1794 578 1862 secunda
597 1793 727 1884 dipodia
747 1804 779 1859 et

333 1904 417 1985 φήμ’
441 1896 490 1967 οὖν
513 1901 575 1979 ἐγὼ
599 1902 629 1963 ’κ
651 1898 762 1964 τούτου
784 1898 914 1980 βροτοὺς
938 1895 1088 1974 ἅπαντας
1111 1902 1311 1975 ἕκλαπῆναι,
1397 1925 1402 1933 ·

246 2007 370 2075 ridetur
392 2028 410 2071 a
432 2012 530 2096 poeta
554 2003 718 2093 scriptum.

289 2112 338 2178 ad
355 2135 427 2202 pag.
447 2115 524 2178 254.
557 2108 911 2199 Plusquamperiectum
931 2132 990 2200 pro
1010 2109 1128 2176 aoristo
1147 2108 1289 2176 evidenti
1308 2132 1420 2177 amen·

243 2217 372 2283 datione
402 2217 514 2306 reponi
535 2226 641 2305 potest
660 2214 746 2305 apud
769 2214 948 2280 liemarum
970 2239 1002 2305 p.
1023 2219 1077 2283 48.
1112 2216 1125 2279 ὃ
1154 2218 1186 2281 δὲ
1212 2217 1266 2291 ἤδη
1293 2218 1351 2293 μὲν
1376 2219 1420 2289 εἰς

245 2322 364 2403 μακρόν
398 2346 428 2386 τι
458 2329 558 2401 γῆρας
588 2319 750 2400 ἀφίκετο
785 2318 838 2383 καὶ
867 2320 902 2383 τὸ
933 2325 1026 2396 σῶμα
1051 2317 1196 2397 ἔκαμνεν.
1247 2317 1323 2402 Quis
1354 2342 1420 2385 uon

243 2413 342 2491 scutit
360 2426 479 2507 οὶφῖκτο
498 2421 642 2514 requiri?
689 2420 1056 2498 Foedissimumvitium
1075 2422 1109 2486 in
1134 2423 1333 2488 Pturaucffl
1352 2425 1420 2489 Pe·

243 2530 357 2621 lopida
377 2551 435 2620 cap
458 2532 501 2595 30
522 2526 676 2593 Slururus
691 2548 887 2617 quamquam
906 2526 1087 2593 admonitus
1108 2540 1214 2592 tamen
1229 2551 1295 2593 nou
1315 2540 1421 2593 sustu-

243 2636 358 2701 littori
385 2635 448 2716 γοδρ
474 2633 574 2716 ἠρέμα
599 2634 704 2707 διῆκτο
729 2638 786 2705 τῆς
816 2632 928 2703 Ἀσίας
956 2633 972 2707 ἡ
996 2632 1091 2719 δόξα,
1116 2633 1188 2723 quis
1218 2656 1282 2698 uon
1312 2634 1419 2716 statim

242 2740 379 2831 corrigat
398 2740 512 2813 διῖκτο,
539 2735 626 2827 quod
651 2736 828 2801 Seruum
850 2737 1041 2827 praecepit?

288 2846 338 2912 Ad
359 2868 429 2936 pag.
449 2846 526 2912 256.
572 2842 816 2912 [nstramus
837 2841 909 2908 loco
929 2841 982 2910 vl.
1002 2868 1037 2934 p.
1057 2844 1135 2910 276.
1160 2844 1215 2911 οὐκ
1239 2844 1276 2928 ε’ρῖ
1298 2845 1421 2926 ίανμοί-

242 2957 303 3039 ζειν
331 2954 402 3024 τοὺς
432 2952 564 3033 ὁρῶντας
594 2950 728 3022 ἄλλως
753 2949 801 3027 γὲ
828 2973 905 3022 πως
928 2948 971 3013 τοδ
994 2948 1100 3016 τοιοίδε
1130 2952 1314 3017 Knaussuus
1335 2953 1420 3018 male

240 3049 359 3152 spierit
380 3043 587 3124 certissimam
609 3054 734 3122 Goarrs
754 3053 1010 3121 emendationem
1035 3055 1250 3135 ἁμωσγέπως.

288 3164 336 3230 Ad
355 3187 426 3255 pag.
447 3167 524 3230 256.
562 3163 656 3229 Felix
677 3161 840 3227 Mutrium
857 3160 1038 3227 emendatio
1059 3187 1089 3252 p.
1109 3165 1174 3228 266
1196 3163 1420 3243 κατάγλωττα

239 3292 298 3363 pro
327 3269 414 3334 κατὰ
434 3273 584 3346 γλῶτταν
614 3277 733 3330 certam
761 3266 897 3331 salutem
917 3267 1011 3331 affert
1032 3267 1104 3332 loco
1126 3267 1281 3333 'Drorrsrr
1302 3268 1418 3334 Hrttc.

238 3375 307 3456 περὶ
328 3377 388 3440 τῶν
412 3371 596 3435 Θουκυδίδου
620 3369 793 3448 ἰδνωμοίτωι
813 3396 845 3461 p.
863 3365 931 3435 '162
954 3369 1049 3436 Sata.
1067 3410 1069 3415 ·
1085 3370 1341 3456 Druosraruas,
1365 3374 1416 3438 in·

237 3481 324 3571 quit,
357 3477 541 3542 Θονκνδίδον
574 3472 870 3558 ζνλωτίρς-ίγίνετο
900 3475 1118 3559 παρ”ἐκείνου
1150 3479 1259 3556 λαβὼν
1287 3517 1334 3530 -
1360 3481 1417 3554 τὴν

238 3583 455 3666 ἐξεγείρουσαν
488 3580 531 3646 τοὶ
558 3578 642 3656 παίει
670 3579 853 3656 δεινότητα,
884 3582 920 3646 τὸ
947 3572 979 3646 δὲ
1008 3581 1113 3645 κατα
1141 3588 1327 3661 γλῶσσαν
1359 3592 1416 3659 τῆς

237 3691 351 3769 λέξεως
373 3688 426 3753 καί
452 3688 536 3766 ξένον
558 3685 612 3751 καί
636 3687 793 3762 ποινιικδν
816 3686 984 3767 παρέλιπε.
1021 3685 1098 3770 Quis
1118 3710 1183 3753 nou
1203 3687 1309 3754 statim
1328 3688 1416 3756 ridet

236 3799 271 3864 τδ
296 3797 326 3861 δὲ
352 3791 582 3870 κατάγλωσσον
606 3788 841 3857 emendandum
866 3790 960 3880 esse?

286 3899 334 3965 Ad
365 3921 438 3986 pag.
465 3899 540 3965 258.
599 3896 693 3980 Quod
723 3896 896 3978 παρείκατε
923 3919 985 3987 -pro
1014 3897 1180 3977 παροίκατε
1203 3900 1414 3980 correximus,

236 4006 322 4072 idem
342 4004 437 4094 plane
456 4001 567 4067 uitium
587 4003 672 4092 apud
692 4002 873 4071 Srossaautr
887 4014 935 4068 cst
952 4003 985 4068 ia
1003 4002 1131 4069 Zaleuci
1149 4003 1274 4096 legibus
1289 4006 1413 4075 Πυκνί.

237 4117 299 4193 44,
319 4114 372 4175 21.
397 4103 440 4180 οἷς
465 4107 621 4188 ε’Φνίκασιν
641 4110 668 4173 οἱ
691 4108 775 4188 νόμοι
797 4109 949 4191 μετέχειν
972 4117 1029 4184 τῆς
1054 4111 1236 4190 πολιτείας,
1263 4111 1414 4180 Coderri

235 4220 399 4304 ἔφίκοοσινι
425 4225 597 4302 utrumque
617 4212 788 4280 barbarum
808 4227 873 4294 est,
896 4204 1036 4282 emenda
1057 4217 1232 4298 ἕφείκασιν.

283 4324 332 4390 ad
353 4347 424 4414 pag.
445 4324 520 4386 264.
541 4324 626 4384 παῦε
646 4331 678 4384 et
699 4320 800 4387 παύου
821 4308 1050 4388 Graeculcrum
1071 4321 1215 4387 socordia
1231 4338 1411 4415 permutata

237 4443 311 4498 sunt
330 4431 364 4495 iu
380 4431 503 4495 ssrrsmr
519 4427 593 4492 loco
610 4429 664 4505 27,
683 4428 714 4490 6.
749 4506 755 4514 ἱ
1091 4437 1096 4444 ·

813 4532 831 4607 ἡ
856 4530 888 4596 δὲ
912 4536 1024 4614 Φρῦνος
1049 4532 1150 4614 ἠρώτα

463 4629 585 4722 <iustis¹⁹
608 4637 741 4715 ἑαντῖρν,
764 4636 789 4702 ai
813 4641 949 4702 τοιοῦτον
973 4631 1009 4711 ἦν
1032 4636 1116 4719 ὄγκῳ

459 4743 493 4806 τὸ
519 4741 601 4826 ζῷον.
651 4743 692 4806 Οἱ
717 4742 748 4806 δὲ
773 4742 880 4825 μητρί·
905 4727 1055 4824 arcisisis
1079 4743 1176 4830 πρίον.
