3309 5750
853 617 923 685 tat

297 812 404 882 Veris
421 809 588 879 florenta
608 816 662 891 27,
679 814 733 879 ts.
753 810 878 901 placuit
897 810 1013 879 lectori
1031 809 1121 879 inane
1138 815 1200 878 τῶν
1219 811 1255 878 δὲ
1283 814 1413 881 antem
1432 811 1480 881 ot·

296 921 357 992 ieie
383 928 500 1000 παρῆν,
534 919 581 988 ἔτι
606 919 669 1000 γάρ
698 917 846 996 ἐλέγοντο
873 918 1059 996 ἀναβαίνειν
1084 917 1137 984 τὸν
1160 921 1218 991 τῆς
1245 919 1373 999 ἀρετῆς
1397 919 1483 1002 ὄρθιον

295 1025 412 1107 λθφον,
448 1027 558 1116 itaque
586 1025 753 1116 adscripsit
772 1024 805 1090 in
825 1021 904 1091 cod.
925 1024 961 1090 F.
981 1026 1105 1104 ἀςεῖον,
1139 1024 1228 1114 quod
1250 1024 1404 1093 feliciter
1423 1050 1479 1094 nou

297 1144 346 1198 cst
366 1144 540 1222 receptum.
589 1131 631 1197 lt
652 1131 683 1197 iu
704 1129 833 1198 Gausut
853 1130 945 1209 loeo,
968 1152 1067 1221 quem
1086 1122 1175 1196 affert
1195 1130 1334 1198 Barrus
1356 1134 1400 1198 de
1420 1134 1481 1201 Po·

296 1239 428 1304 ae'donio
448 1238 580 1305 Rhodio
597 1261 629 1327 p.
651 1238 727 1304 201.
750 1231 844 1302 aliter
863 1238 984 1302 evcnit:
1010 1233 1105 1303 rerba
1126 1248 1200 1302 sunt
1218 1239 1405 1317 συγγνώμη
1424 1240 1481 1323 γὰρ

295 1346 438 1425 ἀνθρώπῳ
459 1369 498 1423 γε
523 1343 658 1410 terreat
682 1339 896 1423 ἀμαρποίνοντι
915 1342 1022 1420 ὡραῖόν
1046 1365 1088 1406 το.
1138 1340 1281 1406 Multum
1305 1363 1343 1408 so
1362 1344 1480 1410 cruciat

298 1448 598 1516 Wrrrsnuacrrrus
627 1473 658 1538 p.
680 1451 755 1513 283.
784 1446 840 1513 sed
864 1445 947 1512 nihil
967 1446 1120 1513 extundit.
1169 1445 1333 1514 Gatruus
1364 1448 1479 1518 duent

297 1558 472 1633 συγγνώμη
502 1556 565 1636 γάρ
594 1554 739 1635 ἀνθρώπῳ
764 1578 804 1631 γε
831 1553 895 1618 ἕντι
921 1552 1138 1633 ἀμαρτάνοντί
1159 1575 1211 1630 τι,
1234 1553 1365 1644 placuit
1386 1557 1479 1625 Grac·

244 1677 249 1685 ·
298 1660 373 1725 culo
393 1659 516 1728 dictum
537 1672 569 1727 et
589 1660 757 1750 adscripsit
774 1661 893 1741 ὡραῖον.
937 1657 1107 1724 Verissime
1126 1660 1275 1725 Boouata
1299 1660 1477 1731 aduren.

297 1764 462 1832 Helenam
484 1791 526 1833 rs.
552 1770 649 1833 1059.
674 1790 696 1830 νο
708 1764 814 1847 ὡραῖον
835 1770 1021 1831 sexcenties
1040 1772 1077 1830 ιἰο
1097 1763 1252 1831 Codicum
1268 1772 1477 1859 margine'due

299 1895 321 1935 o
343 1874 464 1937 scribis
484 1877 656 1962 appictum
672 1874 844 1961 reperias,
861 1874 919 1936 udi
933 1874 1070 1962 aliquid
1078 1876 1224 1964 pulchre
1244 1874 1379 1941 dietum
1390 1876 1477 1943 zudi-

298 1978 438 2041 σώμαθ’
459 1988 534 2042 nota
555 1999 622 2042 esse
642 1975 727 2042 solet
745 1976 836 2041 litera
856 2001 898 2052 υ,
924 2000 1021 2067 quam
1041 1979 1180 2044 mediam
1200 2004 1215 2062 ρ
1237 1981 1365 2047 transit.
1447 1982 1451 1986 ’

347 2083 485 2149 Transeo
512 2103 597 2147 nunc
623 2080 662 2145 ad
684 2081 758 2147 illos
779 2082 923 2149 Lucrum
943 2086 1031 2151 locos
1054 2086 1193 2156 eundem
1213 2087 1247 2154 iu
1268 2086 1406 2153 modum
1426 2098 1476 2152 aut

300 2190 397 2256 etiam
425 2188 516 2279 peius
546 2186 771 2275 interpolatos,
800 2188 857 2253 ubi
878 2190 910 2255 iu
936 2188 1039 2259 Codd.
1059 2193 1141 2259 nihil
1160 2206 1209 2259 est
1227 2195 1403 2285 praesidii,
1427 2193 1476 2260 sod

301 2319 377 2362 sana
397 2319 487 2361 mens
507 2307 539 2361 et
558 2292 713 2360 iudicium
735 2304 858 2360 rectum
880 2299 948 2372 eti
974 2305 1035 2368 τῶν,
1058 2304 1162 2366 καλῶν
1186 2300 1239 2364 καί
1264 2301 1330 2364 τῶν
1355 2302 1402 2379 μη
1424 2324 1475 2365 κα

300 2408 361 2468 λῶν
383 2402 435 2467 καί
461 2400 637 2483 πρεπόντων
658 2401 823 2478 διάγνωσις
849 2413 883 2467 et
901 2402 1035 2468 interior
1054 2403 1243 2469 Graecitatis
1262 2403 1476 2495 intelligentia

303 2506 459 2574 Codicum
489 2507 590 2572 ricem
621 2506 741 2595 optime
771 2505 899 2596 explere
930 2521 1084 2597 possunt,
1114 2510 1140 2573 si
1171 2510 1242 2599 quis
1271 2510 1477 2601 scriptorem,

302 2636 398 2704 quern
421 2626 583 2702 tamquam
604 2610 720 2699 digitos
738 2633 812 2677 suos
832 2613 971 2691 noterit,
989 2615 1033 2678 ita
1051 2614 1178 2703 legerit,
1199 2626 1235 2679 ut
1251 2614 1478 2685 delimata-

303 2734 401 2784 uusro
421 2716 640 2781 Ruurtxuuws
659 2714 769 2779 scribit
794 2715 994 2803 »diffier‘lr's‚
1009 2723 1186 2810 suspimx,
1209 2744 1346 2813 semper
1363 2746 1475 2789 omna

302 2845 343 2889 ne
369 2821 455 2911 quid
482 2822 549 2887 atti
571 2820 745 2907 salloee'ue
773 2823 827 2887 cel
850 2845 873 2885 a
903 2823 1048 2890 librario
1081 2828 1135 2891 cel
1162 2827 1205 2891 ob
1236 2832 1477 2921 interpolatore

302 2928 488 2993 struatur.”
536 2925 577 2989 Et
608 2937 682 2990 sunt
711 2925 867 3013 quaedam
895 2926 1094 3011 huiusmodi,
1124 2944 1242 2998 utnon
1264 2935 1304 3000 sit
1330 2935 1373 3002 ad
1393 2937 1476 3002 frau·

223 3061 225 3064 ’
301 3032 376 3098 dem
396 3027 607 3119 indagandam
621 3029 878 3098 Hausrrurrsusm
897 3057 977 3125 opus
994 3038 1043 3102 ret
1061 3038 1229 3106 Bcnrurro
1246 3042 1296 3107 rel
1313 3044 1479 3124 Poasoro,

304 3136 467 3228 qualc'est
491 3139 547 3214 15,
568 3138 620 3201 51.
644 3135 745 3200 καίτοι
766 3137 890 3213 γελοίίς
905 3144 938 3218 γ’
954 3142 1019 3221 εἶμί
1037 3145 1227 3227 ἀναγκοίζιον
1249 3148 1342 3228 ἰχθὺν
1357 3159 1478 3217 λαλεῖν.

307 3243 437 3332 [ἄφωνοι
462 3242 524 3323 γὰρ
551 3242 674 3330 αὐτοί],
705 3247 914 3323 aut32,14.
942 3247 1042 3329 φέρων
1066 3248 1139 3328 ἀμοο
1169 3251 1223 3316 καί
1253 3255 1314 3318 τθνΧ
1333 3256 1477 3337 ἀρτογέν·

302 3373 389 3426 νητον
422 3348 614 3423 Ἀσκληπιὸν
646 3348 690 3420 δίς
717 3350 875 3431 τεχθέντα
909 3350 974 3440 [irs
1001 3352 1094 3418 ἀλλον
1121 3352 1214 3432 ἀπαξ
1239 3356 1405 3425 τίκτουσαι
1429 3360 1478 3427 ἀν-

302 3453 443 3542 θρυποι],
476 3441 533 3519 ubi
560 3464 708 3544 poterant
736 3454 936 3522 confidenter
967 3455 1073 3522 dicere
1100 3481 1165 3524 nou
1194 3461 1284 3526 alios
1313 3456 1477 3545 homines,

302 3559 359 3649 qui
385 3558 470 3624 malo
500 3557 567 3624 Deo
597 3574 822 3650 opponuntur,
851 3563 905 3632 sed
927 3563 1073 3629 homiues
1092 3565 1133 3630 ad
1154 3588 1254 3633 uuum
1281 3592 1395 3637 ornnes
1417 3594 1478 3638 noa

302 3664 426 3756 saepius
449 3686 546 3754 quam
567 3666 665 3730 semel
689 3667 777 3732 nasci
797 3667 909 3734 solare.
956 3667 1159 3736 Incredibilis
1178 3684 1226 3737 est
1248 3674 1478 3745 Graeculorum

302 3772 392 3838 istius
415 3771 527 3836 aetatis
547 3783 666 3862 stupor.
713 3772 835 3838 Notum
855 3787 902 3840 est
920 3772 1074 3840 Scholion
1095 3775 1135 3841 ad
1159 3777 1388 3848 Teucrorum
1410 3783 1434 3850 Ι.
1450 3787 1481 3851 2.

302 3879 359 3951 τὴν
381 3877 530 3949 Ἀττικὴν
555 3875 648 3957 ᾤκουν
665 3877 693 3940 οἱ
717 3877 804 3942 αὐτοὶ
831 3879 900 3951 ἀεί,
926 3900 967 3952 ne
987 3893 1128 3946 errarent
1147 3883 1239 3972 pueri
1256 3886 1412 3974 magister
1425 3888 1479 3954 ad·

304 3991 430 4046 monet:
465 3981 508 4059 τῷ
543 3978 626 4056 γένει
657 3979 827 4054 δηλονότι,
848 3984 882 4046 οὐ
905 3983 968 4065 γάρ
993 3979 1071 4072 ἦσαν
1095 3987 1259 4055 ἀθοίνατοιο
1294 3990 1479 4060 huiusmodi

304 4097 411 4150 tamen
432 4080 663 4146 homunciones
685 4081 913 4151 Tflucruluun
934 4088 1232 4180 interpretabantur.
1273 4096 1311 4163 In
1333 4100 1479 4192 sequenti

303 4187 387 4254 libro
409 4191 474 4268 33,
493 4189 546 4252 36.
576 4186 683 4251 editur
709 4189 871 4269 ἑρμηνείαν
896 4194 928 4258 δὲ
950 4200 1002 4260 νῦν
1025 4199 1081 4273 τὴν
1105 4203 1281 4283 σαφήνειαν
1306 4213 1369 4271 τῶν
1395 4232 1477 4289 oxn-

303 4355 413 4437 μοίτυν
430 4355 533 4442 λέγω,
551 4357 673 4450 corrige
687 4360 794 4440 λέγει,
816 4365 1005 4460 pervulgato
1024 4391 1130 4435 errore
1147 4394 1185 4436 er
1204 4317 1241 4438 >ii
1263 4374 1313 4440 rel
1330 4333 1373 4440 λέ
1392 4388 1480 4466 ηοω,

304 4468 463 4537 Dicuntur
490 4467 569 4536 haec
596 4471 639 4537 de
662 4472 813 4542 luctatio
839 4500 905 4543 nou
929 4481 972 4545 ab
990 4485 1064 4572 zpreo
1084 4493 1116 4547 et
1136 4481 1170 4546 iu
1191 4485 1367 4575 marginem
1387 4487 1480 4556 ablo-

326 4583 408 4652 anda
432 4594 517 4652 suut.
591 4623 594 4628 ,
1027 4641 1031 4655 .

304 4609 324 4677 g
349 4712 388 4779 In
407 4674 585 4785 Amandus
602 4716 664 4795 38,
683 4718 737 4784 20.
758 4716 844 4784 aurei
863 4724 981 4801 πετρῶν
998 4719 1047 4796 δὲ,
1069 4720 1193 4807 φασίν,
1218 4668 1368 4820 [ἀγθνων]
1388 4731 1478 4801 στεί·
