3309 5750
791 651 855 715 305

241 847 357 939 quihus
375 844 586 913 Athenienses
605 866 732 935 semper
751 840 1015 909 consuetudinem
1035 842 1176 910 loricam
1197 846 1415 927 retinuerunt,

238 956 335 1021 utin
365 952 556 1031 Πουλυτιόιν,
597 950 727 1025 Θύλεα,
765 950 891 1028 Πύύευ,
927 950 1054 1029 Τήρεω,
1094 950 1220 1026 Ζύνιος,
1255 955 1413 1033 Σκήψιος,

240 1060 408 1143 Ἀφύτιος,
434 1057 607 1137 Κρεύσιος,
621 1055 732 1131 Aello,
758 1054 846 1133 aliis,
875 1054 916 1119 de
937 1054 1054 1144 quibus
1073 1054 1151 1121 alias
1171 1055 1293 1122 dicam:
1326 1079 1415 1123 nunc

238 1187 339 1232 unum
360 1164 503 1230 Lucum
522 1184 614 1227 causa
630 1159 797 1240 iudicabo,
815 1160 872 1251 qui
892 1159 949 1225 ubi
965 1159 1103 1226 debebat
1120 1163 1235 1244 ῖύζειν,
1260 1186 1327 1228 non
1345 1185 1414 1228 me-

239 1271 343 1337 minit.
377 1269 514 1335 :Nomen
544 1278 592 1333 est
621 1268 817 1341 πουλύπους,
850 1267 884 1332 in
914 1289 981 1357 quo
1011 1289 1122 1332 omnes
1152 1269 1251 1336 Attici
1278 1269 1414 1360 primaru

239 1375 441 1468 producunt,
459 1383 494 1437 et
513 1371 611 1436 liores
638 1394 768 1462 quoque
791 1371 974 1443 πολύποδες
995 1371 1163 1451 dicebant,
1192 1386 1224 1439 at
1245 1373 1417 1440 Lucrinus

241 1480 392 1571 aequales
412 1478 556 1570 sequitur
575 1488 607 1542 et
628 1477 786 1543 πολύπουν
807 1475 886 1541 dixit
902 1480 938 1555 9,
952 1479 986 1554 4,
1004 1478 1035 1543 2.
1054 1487 1086 1541 et
1103 1477 1267 1544 πολύποδος
1290 1481 1417 1557 14,10.

242 1598 274 1652 et
297 1585 383 1651 alibi.

245 1739 250 1763 .,
286 1691 326 1756 In
347 1690 517 1766 uerborum
535 1689 645 1754 formis
666 1710 762 1779 quam
783 1685 929 1752 discedat
949 1710 967 1754 a
994 1686 1151 1783 Veterum¹
1167 1708 1227 1751 usu
1251 1687 1285 1753 in
1306 1692 1417 1779 paucis

243 1795 434 1889 quibusdam
458 1816 637 1885 cognosce,
671 1815 708 1858 ac
740 1793 880 1883 primum
911 1792 957 1858 in-
975 1791 1124 1870 πέτομαι.
1181 1792 1279 1860 attici
1304 1796 1418 1864 dieunt

239 1902 392 1987 πέτομαι,
417 1901 578 1978 πτύοομαι
604 1898 716 1987 (semel
736 1910 768 1963 et
787 1898 907 1986 iterum
926 1899 1142 1984 πετύοομαι),
1167 1910 1236 1964 lum
1256 1900 1418 1982 ε’πτύμνν,

240 2008 387 2091 πτέσύαι,
403 2005 568 2085 πτάμενος.
595 2004 719 2094 Tragici
731 2027 768 2070 ex
781 2003 923 2071 llottttttu
934 2015 1150 2070 assumserunt
1161 2004 1270 2082 ἕπτκν,
1286 2008 1416 2084 πταύκν,

239 2113 372 2188 πτιῖναι,
397 2109 502 2189 πτύς,
533 2122 565 2175 et
591 2111 758 2190 ἕπτύακν,
783 2110 942 2183 πτύπύαν,
967 2108 1147 2187 πτύμενος,
1174 2133 1314 2201 quorum
1332 2112 1418 2179 nihil

241 2217 275 2281 in
307 2215 495 2305 quotidiano
523 2238 668 2281 sermone
696 2216 730 2280 in
758 2237 817 2279 usu
843 2214 904 2279 luit
928 2225 1016 2279 eatra
1042 2212 1150 2279 iocum
1171 2228 1228 2281 aut
1247 2219 1416 2298 παρῳδῖαν.

241 2321 356 2411 ltaque
384 2320 418 2385 in
439 2318 613 2386 Comoedia
642 2318 780 2398 ἕππύμνν
804 2318 914 2383 locum
940 2318 1054 2396 habet,
1079 2318 1227 2398 ε’πτύμνν
1246 2320 1303 2386 ubi
1323 2344 1418 2413 supra

242 2450 371 2493 soccum
392 2427 494 2493 oratio
514 2425 663 2516 adsurgit.
710 2424 862 2490 librariis
883 2424 977 2489 aliter
993 2424 1106 2489 visum.
1139 2424 1270 2493 Formas
1290 2449 1328 2491 er
1350 2427 1418 2493 Hu-

243 2552 333 2600 atutto
355 2534 415 2598 sibi
436 2545 467 2599 et
487 2532 636 2597 omnibus
654 2530 833 2597 notissimas
851 2531 966 2621 passim
986 2529 1160 2609 invehunt,
1191 2530 1302 2597 critici
1326 2532 1419 2599 dubii

243 2637 376 2705 haerent
411 2652 443 2705 et
478 2650 647 2728 utramque
682 2636 817 2703 formam
849 2636 959 2703 faciles
990 2636 1174 2704 admittunt.
1231 2639 1419 2705 Percurraur

241 2744 490 2831 dutsrcrurtus
520 2742 745 2823 comoediam,
777 2742 811 2808 in
841 2764 905 2832 qua
935 2741 1044 2808 rolant
1075 2765 1202 2823 omnes,
1226 2747 1331 2824 daea,
1363 2743 1419 2810 ulti

244 2872 288 2919 rs.
309 2854 351 2916 35
377 2850 515 2941 genuina
540 2849 643 2916 forma
666 2846 847 2928 ύυεπτύμνν
872 2859 992 2914 serrata
1016 2860 1081 2915 est:

422 2956 630 3034 οῖνεπτύμεού’
654 2957 689 3020 ἐκ
711 2962 767 3028 τῆς
792 2956 1086 3039 arcitenentum
1110 2956 1223 3024 ποδοῖν.

244 3057 300 3126 aed
324 3060 388 3127 alio
412 3062 492 3130 vitio
516 3085 624 3131 versus
649 3061 789 3126 laborat:
814 3060 938 3149 corrige

422 3168 611 3246 ύνεπτύμεύ’
633 3169 668 3232 ἐκ
690 3173 747 3239 τῆς
771 3166 920 3245 πατρίδος
944 3167 1067 3248 ύμφοῖν
1090 3175 1156 3233 τοῖν
1179 3168 1296 3234 ποδοῖν.

245 3267 385 3336 Perierat
409 3295 452 3338 rs.
477 3276 551 3339 tte.
575 3271 633 3335 ubi
655 3270 689 3335 in
714 3269 843 3360 optimis
866 3270 955 3336 libris
979 3283 1041 3335 est:

422 3375 476 3440 καῖ
501 3383 561 3455 γῆν
585 3375 696 3441 ἐπέτου
720 3374 773 3438 καὶ
797 3374 853 3448 τὴν
877 3373 1042 3438 ύοὶλατταν
1068 3374 1099 3437 ἐν
1122 3374 1238 3456 κύκλῳ.

191 3460 196 3467 ⁸
247 3474 358 3543 critici
382 3479 604 3546 restituerunt:

424 3586 478 3651 καὶ
503 3595 563 3666 γῆν
587 3585 724 3652 ἐπέπτου
746 3584 800 3650 καὶ
824 3583 990 3679 ύύλαπταν
1012 3588 1044 3652 ἐν
1067 3586 1183 3670 κύκλῳ.

246 3688 387 3756 Perierat
411 3716 456 3759 rs.
482 3697 556 3761 788,

428 3799 634 3880 ἕκπεπύμενος
657 3799 696 3866 ἂν
720 3792 806 3872 οὗτος
831 3796 972 3878 laisneo
995 3801 1225 3869 inluminanda.

247 3901 403 3966 sententia
432 3914 464 3968 et
492 3917 594 3971 metro
623 3906 755 3971 iubente
785 3904 989 3972 emendatum
1020 3919 1068 3973 est
1099 3908 1306 3988 ἕκττύμενοςε
1336 3911 1421 3979 salva

247 4003 326 4068 abiit
346 4028 389 4073 rs.
402 4010 499 4076 1471.
516 4011 750 4091 insaciatrici.
777 4009 934 4103 corrupta
952 4027 999 4080 est
1017 4014 1052 4080 in
1071 4016 1207 4081 formam
1224 4020 1421 4087 notissimam

247 4108 412 4178 Graeculis
440 4139 485 4182 rs.
513 4118 555 4180 48
583 4116 836 4197 ἕπε’πτατο,-ιο.
861 4123 905 4187 90
931 4121 1120 4196 ύπέπτατο,
1157 4126 1221 4190 278
1242 4125 1419 4202 ἐσέπτατο,

248 4219 313 4282 789
334 4231 366 4283 et
386 4224 451 4286 792
473 4222 673 4300 κατέπτατο,
699 4227 760 4288 791
783 4236 816 4289 et
836 4228 901 4290 795
924 4225 1102 4305 οῖνὲπτατο,
1129 4229 1217 4294 1173
1236 4231 1422 4310 εἰσέπτατο,

252 4327 338 4388 1206
358 4325 600 4407 ύναπτύμενος,
629 4329 722 4394 1613·
738 4329 976 4410 uenenariorum
997 4343 1029 4396 et
1051 4335 1422 4414 laudamentum,

250 4429 367 4519 quibus
397 4431 476 4497 locis
508 4432 654 4498 omnibus
686 4432 889 4523 reponendae
921 4447 995 4500 sunt
1018 4437 1140 4504 formae
1163 4440 1197 4507 iu
1216 4441 1363 4516 -έπτετο,
1389 4453 1422 4506 et

247 4534 429 4614 -πτύαενος,
465 4536 597 4604 Dubitas
619 4537 740 4604 etiam?
760 4538 882 4630 inspice
900 4538 988 4606 hunc
1005 4563 1105 4610 unum
1123 4546 1231 4611 iocum
1244 4569 1285 4612 rs.
1298 4548 1364 4609 788
1374 4569 1421 4638 sq.

384 4639 572 4720 ἐκπτόμενος
596 4643 636 4709 δον
658 4639 745 4718 οὗτος
768 4646 909 4726 sinistrae
932 4648 1024 4714 ἐλύοδν
1046 4649 1170 4727 οῖκαδε,

304 4771 308 4780 ·
384 4742 457 4829 κᾷτ’
480 4744 519 4812 ἂν
542 4749 733 4827 ε’ςιπλκυύεδς
757 4752 820 4835 ἐφ’.
835 4747 1030 4843 ἡμᾶςαῦύις
1053 4750 1094 4823 αύ
1116 4756 1313 4838 κατέπτατο.
