3309 5750
746 721 788 783 25

175 890 313 957 dandum
339 900 371 959 et
398 894 595 969 deosculata,
628 890 756 959 ἕπεοθοοο
781 900 813 959 et
844 893 990 973 ὅμοιοοοῖο
1013 894 1131 980 optime
1160 898 1361 966 accusativos

171 998 317 1083 recipere
344 1018 456 1084 posse,
489 1007 524 1066 ut
547 1002 625 1080 γυνὴ
653 996 757 1065 εἵπετο
778 999 813 1065 τὸ
834 1002 957 1081 φεῦγον
979 1017 1010 1063 v.
1034 1018 1062 1065 c.
1086 1002 1113 1066 ei
1137 1000 1214 1068 bene
1246 1004 1361 1070 Graeco

171 1101 295 1169 dictum
325 1103 509 1171 videretur:
532 1104 650 1184 credo,
675 1106 752 1193 quia
776 1105 809 1169 iu
831 1103 956 1169 burrum
984 1103 1150 1172 codicibus
1175 1105 1360 1175 deterrimis

170 1226 209 1272 ea
232 1210 394 1294 scriptura
413 1209 655 1278 circumfertur.
710 1209 803 1277 Valet
829 1210 862 1274 in
882 1208 1112 1276 Grammaticis
1140 1231 1265 1299 quoque
1285 1213 1360 1301 Epi·

172 1312 377 1382 charmeum:

263 1425 346 1494 Νοῦς
370 1422 420 1504 cipp
445 1421 498 1486 κοοὶ
522 1426 589 1495 νοῦς
611 1422 737 1500 ἀκούει,
759 1416 870 1487 τᾶλλα
892 1421 987 1505 κωφοὶ
1009 1420 1062 1486 καὶ
1086 1419 1210 1504 τυφλοί.

216 1524 416 1589 Etiamnunc
449 1524 530 1589 mibi
561 1524 617 1591 diu
647 1534 679 1592 ct
707 1525 845 1593 multum
875 1526 907 1591 iu
931 1526 1225 1592 Grammaticorum
1249 1533 1282 1593 et
1305 1528 1362 1595 at-

172 1628 361 1693 ticistarum
393 1627 530 1696 lectione
557 1639 683 1697 versato
713 1632 847 1699 subinde
876 1631 1049 1698 admiratio
1079 1631 1167 1698 subit
1194 1633 1363 1714 animum,

173 1729 231 1817 qui
259 1732 329 1798 lieri
356 1736 495 1820 potuerit
524 1744 560 1801 ut
595 1738 627 1803 in
651 1758 689 1806 ea
715 1738 805 1824 copia
837 1736 994 1803 librorum
1023 1744 1192 1815 veterum,
1224 1738 1279 1824 qui
1305 1738 1362 1806 ali·

173 1846 294 1922 quanto
326 1841 435 1905 miuus
464 1849 557 1907 erant
587 1844 694 1908 vitiosi
726 1863 823 1929 quam
857 1843 974 1929 quibus
1003 1862 1089 1908 nuuc
1114 1843 1257 1922 utimur,
1291 1852 1360 1911 mm

169 1942 314 2028 plumbei
334 1946 418 2020 siut,
451 1953 486 2010 ut
506 1966 543 2012 ea
564 1950 711 2015 nesciant
739 1955 796 2014 aut
826 1950 861 2016 iu
892 1950 932 2015 iis
953 1949 1126 2027 haereant,
1159 1948 1300 2016 titubent
1327 1959 1361 2019 et

169 2048 312 2133 turpiter
333 2069 368 2115 se
388 2048 464 2117 dare
488 2052 631 2133 soleant,
656 2056 689 2119 iu
714 2054 834 2140 quibus
857 2072 943 2119 nuuc
967 2052 1145 2141 postillam
1169 2074 1360 2121 monumen-

168 2161 278 2219 torum
301 2163 443 2241 stragem
462 2166 495 2223 et
514 2158 606 2223 libris
626 2159 684 2245 qui
704 2160 896 2244 superstites
912 2167 988 2225 sunt
1016 2165 1082 2226 tam
1107 2159 1230 2225 vitiatis
1252 2168 1360 2228 tameu

169 2266 265 2325 acute
288 2261 453 2326 cernimus
481 2271 514 2327 ct
537 2264 664 2331 sincera
687 2285 706 2330 a
731 2266 839 2350 pravis
859 2272 924 2330 tam
948 2273 1037 2331 carto
1056 2264 1176 2330 iudicio
1205 2264 1359 2332 discerni·

169 2384 255 2430 mus.
302 2365 424 2451 Nempe
446 2373 517 2431 erat
537 2366 597 2433 lroc
625 2376 807 2457 temporum
829 2378 861 2437 ct
891 2370 1059 2436 homiuum
1083 2371 1200 2436 vitium
1221 2372 1361 2456 egregiis

168 2470 339 2536 doctrinae
363 2469 517 2537 subsidiis
540 2472 739 2558 negligenter
768 2473 941 2541 admodum
968 2476 1151 2552 utentium,
1174 2495 1275 2560 quum
1307 2494 1361 2541 ue-

168 2594 223 2642 mc
243 2596 331 2644 uuus
353 2575 474 2641 iudicio
493 2583 525 2642 et
549 2586 620 2644 arte
639 2578 763 2646 valebat
782 2588 815 2646 et
827 2579 975 2644 homines
991 2579 1186 2654 medicarer,
1207 2587 1240 2644 et
1262 2580 1361 2646 etiam

168 2679 336 2768 aliquanto
359 2681 469 2747 minus
492 2700 590 2769 quam
603 2683 801 2762 mediocres,
822 2684 891 2749 sine
914 2702 1070 2750 censurae
1090 2691 1180 2749 metu
1204 2682 1362 2769 quidquid

167 2786 319 2853 alicunde
346 2787 560 2853 corrasissent
589 2798 646 2854 aut
669 2788 731 2854 leri
760 2808 856 2876 opera
881 2794 913 2853 et
936 2787 1028 2855 tenui
1052 2787 1104 2853 lilc
1127 2788 1360 2856 conscribillas·

168 2901 243 2961 scut
264 2894 297 2958 iu
316 2892 432 2979 vulgus
456 2894 603 2960 edebant.
652 2894 731 2977 Quis
756 2903 804 2961 est
828 2896 998 2970 omnium.
1023 2894 1079 2980 qui
1101 2893 1141 2961 de
1164 2915 1283 2981 genere
1300 2894 1360 2966 lrce

166 3005 308 3066 aetatem
329 2997 497 3078 tulerunt,
531 3020 592 3065 ncu
617 2999 689 3066 dico
714 3000 835 3067 iudicio
858 3001 1068 3088 ingenioque,
1091 3000 1147 3069 sed
1166 3001 1360 3072 Graecitatis

167 3104 335 3170 interioris
355 3105 491 3170 scientia
514 3113 545 3171 et
565 3106 761 3172 Litterarum
786 3108 879 3194 copia
899 3116 932 3174 et
951 3126 1013 3173 usu
1033 3125 1108 3171 curn
1129 3107 1279 3174 Bructero
1301 3117 1359 3177 aut

168 3212 308 3275 Ponsccc
328 3209 583 3296 comparandus?
631 3212 671 3278 Et
692 3211 742 3278 bis
764 3218 796 3278 et
820 3212 992 3289 Euusumc,
1015 3211 1174 3290 bornaco,
1193 3221 1226 3278 et
1249 3213 1278 3278 si
1301 3215 1358 3300 qui

167 3315 222 3381 clii
245 3314 286 3380 ad
304 3314 420 3380 horum
441 3315 670 3400 praestantiam
695 3315 872 3393 accedunt,
895 3314 973 3401 quid
998 3316 1040 3380 sit
1059 3314 1197 3381 Atticam
1219 3324 1276 3384 aut
1294 3337 1358 3385 ucu

166 3422 210 3487 sit
234 3419 369 3486 definire
388 3418 503 3495 utilius
524 3420 691 3504 permittes
704 3439 801 3505 quam
815 3420 989 3485 Puarmcuc
1001 3427 1058 3484 aut
1070 3420 1201 3484 llccauu
1224 3429 1255 3486 et
1267 3421 1359 3506 quid·

165 3525 245 3613 quid
269 3534 318 3591 est
341 3525 580 3591 Atticistarum.
629 3524 669 3588 Hi
691 3543 818 3610 semper
837 3522 1020 3608 aequalium
1044 3543 1169 3588 errores
1188 3543 1226 3589 ao
1249 3525 1359 3595 sordes

166 3631 348 3718 praeceptis
370 3631 438 3695 suis
469 3626 691 3695 admiscebant
714 3636 747 3695 et
765 3627 923 3715 quidquid
942 3625 1103 3693 iaciebant
1124 3646 1187 3691 uon
1210 3635 1359 3714 poterant

166 3756 239 3804 sese
257 3755 297 3802 ex
316 3736 380 3801 illis
398 3734 499 3801 veluti
509 3734 634 3821 laqueis
646 3734 815 3803 domestici
838 3741 871 3799 et
891 3731 1071 3819 quotidiani
1090 3734 1249 3800 sermonis
1269 3754 1358 3822 prcr·

165 3862 223 3909 sus
251 3840 414 3928 expedire.
462 3839 524 3907 Sed
548 3840 627 3927 quid
651 3840 721 3907 illos
745 3837 1013 3926 reprebendimus
1037 3837 1183 3905 homiues
1206 3839 1359 3911 obscuros

165 3955 199 4014 et
221 3948 255 4012 in
279 3947 388 4033 ignctc
405 3946 557 4025 latenteS,
577 3967 679 4034 quarn
699 3945 777 4012 illud
798 3947 903 4032 ipsum
918 3951 1069 4032 appareat
1083 3945 1116 4009 in
1137 3944 1196 4023 iis,
1220 3966 1358 4032 quorum

167 4060 200 4118 et
214 4051 300 4140 apud
313 4051 462 4138 aequales
481 4073 597 4140 magua
616 4053 717 4139 gloria
732 4050 793 4117 luit
806 4058 839 4117 et
854 4049 978 4119 celebre
996 4070 1111 4117 ncnren
1125 4050 1164 4115 cb
1183 4060 1357 4122 venustum

165 4165 200 4223 et
226 4178 358 4223 caraem
381 4156 509 4224 dicendi
525 4178 628 4245 genus
643 4177 682 4224 ex
695 4156 884 4223 felicissima
906 4157 1087 4223 imitatione
1105 4154 1277 4222 Atticorum
1301 4178 1356 4226 na·

162 4269 258 4340 tum,
282 4271 315 4328 et
334 4261 419 4348 apud
434 4283 492 4329 ncs
508 4264 547 4330 ad
567 4263 653 4329 huuc
674 4262 758 4328 diem
779 4261 944 4348 perdurat.
993 4262 1117 4342 Quotus
1136 4267 1246 4326 autem
1271 4264 1358 4349 quis·

167 4386 231 4454 que
255 4376 325 4447 est,
343 4367 399 4454 qui
419 4367 468 4433 vel
489 4368 588 4454 possit
612 4368 659 4435 vel
672 4367 787 4434 audeat
810 4369 976 4453 ignoratae
1001 4377 1033 4435 et
1053 4365 1358 4436 vitiataeGraeoita·

162 4474 211 4539 tis
239 4492 333 4540 remu
365 4491 460 4559 agere
491 4480 548 4539 aut
575 4474 692 4540 broune
712 4476 762 4539 τὸν
783 4473 996 4555 spectemur,
1023 4479 1079 4538 aut
1101 4471 1274 4551 bucinam,
1301 4483 1359 4543 aut

169 4577 404 4656 Acerranorum,
434 4587 490 4645 aut
511 4579 707 4666 quicumque
728 4578 838 4644 eadem
859 4577 954 4644 laude
985 4584 1017 4642 et
1041 4575 1156 4662 plausu
1178 4577 1357 4660 οὶττοκίζοοΐ

168 4692 282 4751 contra
306 4683 392 4749 enim
413 4684 592 4772 plerisque,
617 4692 652 4751 ut
672 4685 749 4752 clim
770 4685 816 4751 sic
842 4704 943 4762 nuno,
961 4678 1119 4768 quidquid
1142 4680 1272 4748 illorum
1298 4692 1358 4750 tes·

167 4787 251 4858 tium
273 4791 466 4858 auctoritate
486 4792 702 4860 nitatursatis
722 4791 858 4878 probum
881 4797 914 4857 et
934 4795 1061 4859 recteuu
1083 4783 1263 4868 videbitur,
1277 4789 1358 4858 mul·
