3309 5750
636 1551 810 1619 CAPUT
857 1553 882 1622 l.

213 2245 261 2311 Ad
287 2245 473 2311 medicinam
494 2247 607 2313 melius
630 2255 659 2313 et
688 2246 803 2312 certius
834 2245 1041 2334 [actitandam
1072 2266 1133 2310 aaa
1163 2242 1359 2310 mediocriter

167 2349 247 2413 utile
273 2358 317 2413 est
338 2349 416 2413 scire
435 2350 545 2434 quibus
568 2352 602 2415 iu
624 2352 762 2418 rebaris
782 2353 838 2438 qui
859 2360 998 2439 aaarotat
1019 2370 1148 2435 peccare
1171 2348 1360 2425 salutarit,

168 2472 230 2539 quo
262 2461 290 2515 et
310 2472 404 2517 causa
426 2453 526 2517 morbi
549 2456 675 2535 facilius
700 2459 874 2544 reperiatur
897 2467 926 2523 et
954 2456 995 2521 ad
1020 2477 1089 2521 earn
1113 2453 1257 2519 medendi
1281 2452 1360 2517 ratio

166 2555 424 2624 accommodetur.
475 2556 527 2623 Sic
550 2567 579 2622 ct
604 2558 664 2636 iic,
688 2563 742 2646 qui
763 2584 795 2627 se
818 2571 956 2628 aeterum
977 2561 1164 2645 scriptarum
1187 2558 1278 2644 quasi
1298 2578 1360 2623 rue·

166 2662 252 2728 dicos
276 2662 426 2749 quasdam
449 2684 515 2727 esse
530 2663 738 2747 profiteatur,
762 2688 851 2732 uosse
872 2667 996 2755 eapedit
1024 2665 1136 2751 quibus
1161 2662 1360 2750 potissimum

162 2768 264 2833 modis
286 2777 402 2832 actores
424 2767 550 2833 librarii
563 2789 694 2855 peccare
711 2769 794 2833 saliti
814 2770 895 2845 siat,
921 2782 955 2835 ut
979 2771 1106 2836 latentia
1131 2768 1255 2844 ulcera,
1278 2787 1360 2853 quae

163 2872 197 2938 ia
214 2873 339 2958 optimis
358 2873 530 2959 quibusque
552 2875 755 2959 scriptoribus
775 2873 1003 2954 inveterascat,
1026 2875 1170 2962 sabacius
1193 2870 1362 2958 depreben-

166 2980 253 3044 daut.
292 2978 376 3044 Haec
393 2977 556 3064 praelatus
574 2980 719 3046 llunnrus
738 2981 771 3045 in
799 2979 902 3045 Variis
917 2979 1112 3046 Lectionibus
1133 2979 1217 3046 XVl.
1241 2981 1281 3045 16
1298 2977 1363 3044 exi·

167 3085 251 3150 naias
276 3083 431 3170 quasdam
459 3086 636 3170 expromsit
659 3084 919 3162 emendationes,
951 3105 1032 3171 quas
1063 3106 1102 3152 ex
1131 3084 1280 3170 diligenti
1309 3082 1363 3149 olr-

166 3190 347 3257 servatione
378 3197 523 3256 veterum
553 3190 699 3256 codicum
731 3211 793 3257 non
821 3192 943 3278 reperit
974 3198 1031 3257 aut
1050 3190 1261 3275 excogitavit,
1285 3207 1361 3253 nam

166 3295 245 3362 haec
268 3314 395 3381 quoque
426 3296 623 3374 πουλυμαθίη
648 3296 711 3361 νόον
741 3301 774 3362 οὐ
795 3296 955 3371 διδάσκει,
982 3296 1038 3362 sed
1063 3305 1128 3362 tam
1148 3301 1254 3360 certas
1274 3291 1363 3358 dedit

169 3408 200 3465 et
232 3399 434 3484 exploratas,
469 3406 505 3463 ut
536 3419 576 3464 ne
608 3399 784 3466 Grauiscas
816 3401 947 3486 quidem
982 3400 1131 3465 dubitare
1155 3400 1265 3485 possit.
1313 3398 1363 3464 Ex

169 3504 280 3571 eodem
301 3504 560 3571 observationum
580 3522 697 3588 genere
718 3506 911 3590 utquisque
933 3504 1111 3590 plurimum
1134 3502 1249 3567 critica
1269 3509 1361 3576 arte,

169 3609 273 3676 idest
300 3618 394 3676 acuto
430 3609 549 3675 iudicio
583 3616 615 3674 et
644 3607 825 3674 eruditione
849 3628 927 3674 sana
952 3607 1075 3684 valuit,
1096 3607 1142 3671 ita
1163 3603 1334 3691 plurimas
1349 3641 1363 3654 ·
1416 3690 1430 3699 Α·

155 3715 332 3804 liciteret
362 3716 527 3801 ingeniose
560 3720 687 3801 reperta
712 3720 778 3779 tam
803 3722 891 3779 certa
915 3721 947 3778 et
979 3709 1150 3777 manifesta
1184 3707 1293 3785 dedit,
1327 3717 1365 3774 ut

168 3840 262 3887 nemo
275 3820 319 3884 sit
343 3819 473 3885 criticae
492 3820 709 3886 emendatricis
725 3827 757 3886 et
774 3819 990 3886 coniecturalis
1002 3869 1011 3897 ‚
1023 3838 1121 3905 quam
1141 3822 1272 3893 vocant,
1292 3822 1361 3881 tam

166 3945 241 3991 acer
267 3923 481 4001 obtrectator,
501 3927 580 4012 quin
601 3926 641 3991 iis
664 3926 889 3992 lubentissime
910 3925 1078 3992 nobiscum
1100 3931 1222 3990 utatur.
1266 3921 1363 3985 »Ceu-

169 4040 236 4094 tum
256 4029 422 4094 minimum
444 4030 576 4096 diversis
601 4032 719 4110 modis,
750 4039 785 4096 ut
818 4032 930 4098 scribit
956 4030 1221 4104 Viromanduos,
1244 4027 1278 4091 in
1301 4025 1362 4092 lroc

166 4153 296 4223 quoque
316 4153 433 4218 genere
461 4155 608 4202 summus
629 4135 745 4203 artifex
765 4137 810 4225 (in
830 4136 932 4201 Diatr.
958 4156 988 4221 p.
1015 4133 1116 4222 277),
1136 4138 1306 4219 peccarunt
1324 4130 1361 4195 li·

168 4240 268 4306 brarii
290 4247 423 4321 veteres,
447 4262 522 4326 quos
545 4262 649 4307 amites
673 4245 707 4308 iu
730 4251 891 4307 otumerata
915 4240 1059 4306 babuisse
1079 4259 1227 4325 manuam
1253 4236 1359 4324 adfert

167 4347 242 4413 vitiu
264 4344 417 4409 librarum
437 4345 635 4432 antiquorum
660 4348 816 4412 sanatoris
841 4345 1045 4414 utilitatem.'’
1092 4342 1213 4410 Deinde
1233 4341 1273 4406 de
1292 4359 1359 4406 ma·

170 4470 232 4534 gna
251 4449 344 4535 copia
369 4449 485 4537 triplex
509 4471 657 4519 errorum
684 4473 785 4538 genus
810 4450 933 4516 indicat
952 4458 985 4515 et
1005 4448 1160 4534 exemplis
1180 4454 1248 4512 tam
1269 4444 1361 4513 lucu·

169 4552 264 4620 lentis
287 4561 319 4620 et
341 4550 439 4620 adrtis
460 4555 542 4623 hane
563 4557 861 4644 palaeographieam
876 4556 1033 4622 rationem
1049 4553 1244 4630 confirmat,
1264 4556 1299 4616 ut
1313 4547 1358 4615 la·

167 4659 226 4726 cilc
248 4660 461 4748 viceritquod
481 4661 520 4728 ab
544 4662 637 4729 initio
658 4672 825 4751 posuerat:
849 4664 883 4729 iu
902 4684 963 4728 urta
990 4662 1068 4740 bac,
1094 4659 1122 4728 si
1145 4657 1215 4743 quis
1242 4656 1286 4722 ita
1310 4673 1359 4722 oc·

1128 4770 1138 4807 l
