3309 5750
861 646 925 713 180
970 686 972 690 -

303 848 439 920 εύπνοοι,
465 854 614 909 neutrum
634 841 715 907 bene
730 840 827 908 habet
849 842 903 909 sed
924 840 1047 919 εύπνοι,
1070 838 1209 910 01εύνοι.
1238 845 1478 939 Pag.931ege=

302 955 467 1028 οίπήλαυνε
499 949 555 1023 τήν
577 946 699 1027 οίγέλην
725 948 850 1031 συρίζων
873 948 981 1021 νυκτδς
1008 948 1062 1024 ήδη
1089 948 1276 1027 γενομένης,
1308 952 1478 1027 οίπήλαυνε

303 1058 334 1122 δὲ
357 1056 410 1120 καί
438 1057 454 1129 ή
485 1052 580 1127 Χλύη.
629 1052 662 1117 Ρ.
684 1055 736 1117 95.
770 1053 954 1136 προίγματα
989 1053 1147 1133 παρέχων.
1180 1053 1276 1132 ὁμὲν
1300 1051 1372 1121 ούν..
1396 1054 1477 1123 Cod.

302 1160 449 1242 παρέχων
480 1158 674 1239 προίγματα.
710 1153 796 1230 ούτος
828 1160 885 1237 μέν
918 1153 978 1223 ούυ.
1028 1158 1063 1224 Ρ.
1083 1162 1136 1224 96.
1166 1160 1219 1223 καὶ
1250 1160 1389 1239 νέμουσα
1424 1162 1477 1228 καὶ

302 1265 478 1347 νομίζουσα.
511 1260 724 1351 dittographia
753 1275 809 1328 est.
841 1262 913 1329 dele
943 1264 996 1327 καί
1030 1263 1177 1342 νέμουσα.
1226 1263 1260 1329 Ρ.
1288 1270 1343 1332 97.
1377 1266 1481 1332 κατοί-

302 1385 409 1435 πλονν.
437 1369 557 1458 optime
578 1366 685 1433 Codex
708 1368 870 1433 ἐπίπλουν.
886 1411 922 1421 -
941 1363 1028 1432 ύπλα
1048 1377 1152 1447 κινεῖν.
1179 1367 1258 1435 Cod.
1276 1370 1320 1435 τίι
1340 1369 1429 1437 ὅπλα
1443 1409 1480 1423 -—

301 1474 435 1554 ταχύνει
461 1474 491 1538 δὲ
512 1472 562 1537 ε’πί
587 1473 642 1545 τήν
665 1471 755 1537 πόλιν
781 1472 891 1547 αύτήν.
920 1471 1053 1553 παχύνει
1085 1486 1132 1539 est
1158 1473 1269 1541 infelix
1300 1473 1481 1543 Conamen

301 1578 495 1644 coniectura.
540 1573 673 1641 Codices
701 1577 790 1656 ταχὺ
820 1576 864 1640 δέ.
899 1576 1019 1640 scribe:
1048 1578 1137 1658 ταχύ
1166 1581 1197 1644 δὲ
1224 1579 1275 1644 ε’πί
1305 1581 1363 1655 τήν
1388 1581 1479 1647 πύλιν

303 1679 400 1756 αύτήν
428 1677 515 1758 ήγεν.
564 1680 599 1747 Ρ.
620 1684 673 1745 99.
696 1680 738 1744 τίο
764 1681 870 1761 δένδρα
893 1680 978 1762 ἐῴκει
1004 1683 1257 1761 καταχωμένοις.
1284 1684 1479 1751 vocabulum

302 1786 398 1852 nihili
426 1788 666 1867 καταχωμένοις
698 1786 885 1853 0001111010
912 1786 1063 1865 debetur,
1095 1788 1151 1877 qni
1179 1791 1478 1873 κατακεχωσμένας

303 1891 429 1957 ridetur
450 1891 595 1958 voluisse.
616 1890 750 1957 Codices
771 1892 1038 1969 κατακλωμένους.
1064 1891 1097 1956 Ρ.
1115 1894 1187 1956 104.
1208 1891 1371 1976 τροίπεζαν
1391 1891 1478 1977 εἶχον

303 1998 329 2061 οἱ
359 1996 447 2076 οίμφί
475 1997 526 2060 τὸν
553 1997 715 2078 Δρύαντα.
765 1995 895 2086 Optime
924 1993 1032 2061 Codex
1061 1994 1282 2078 περιτροίπεζον
1306 1994 1415 2078 εἶχον,
1447 1999 1480 2065 in

280 2123 370 2191 ·quo
399 2099 477 2163 latet
507 2099 574 2180 περί
603 2099 762 2183 τροίπεζαν
789 2098 893 2180 εἶχον,
927 2100 1126 2177 coenabant,
1157 2112 1191 2162 ut
1212 2124 1284 2189 pag.
1310 2105 1385 2168 152.
1410 2103 1477 2185 περί

304 2207 396 2289 ύήραν
417 2201 504 2284 εἶχε,
534 2227 565 2292 p.
588 2206 662 2269 158.
686 2204 774 2287 οίμφί
798 2202 901 2285 ίιριςον
924 2202 1010 2284 είχον
1030 2215 1061 2269 01
1082 2203 1263 2294 saepissime
1282 2204 1370 2296 apud
1391 2207 1478 2275 alios.

252 2355 258 2365 ι
305 2312 341 2380 Ρ.
367 2313 436 2374 106.
462 2310 597 2374 τοιούτου
618 2309 809 2391 γηροτρόφου
830 2311 1083 2389 εὐτυχήσαντας.
1111 2308 1218 2374 Codex
1236 2317 1372 2376 τοιοῦτον
1388 2336 1480 2394 γηρο·

304 2416 429 2499 τρίΦον,
450 2413 537 2503 quod
557 2436 665 2479 rerum
687 2425 748 2491 est,
768 2416 914 2494 εὐτυχεῖν
936 2412 1020 2503 apud
1041 2414 1116 2478 istos
1136 2397 1351 2481 accusativum
1371 2414 1479 2482 habet.

306 2523 339 2587 P.
354 2525 426 2588 107.
451 2520 531 2601 αύρα
549 2518 666 2600 βύρειος
684 2519 803 2584 ύπέκαε
818 2517 938 2582 ποίντκ.
962 2517 1046 2583 bene
1067 2517 1175 2584 Codex
1193 2520 1328 2585 οίπέκαε.
1355 2520 1391 2587 Ρ.
1405 2525 1479 2589 112.
1540 2543 1544 2549 ·

305 2628 423 2706 γυμνὸς
442 2634 547 2705 γυμνή
572 2622 849 2702 συγκατακλινείς.
875 2620 954 2687 haec
981 2635 1027 2688 est
1046 2624 1206 2690 verissima
1228 2625 1344 2704 lectio,
1365 2650 1480 2716 quarn·

306 2756 403 2823 quam
433 2744 480 2797 est
509 2731 543 2794 in
574 2728 692 2795 Codice
721 2727 999 2806 συγκατακλίνειν.
1024 2729 1169 2795 .Loncns
1200 2753 1330 2821 quoque
1357 2732 1480 2800 sincera

306 2839 408 2905 forma
437 2843 663 2909 κατακλινῆναι
696 2853 770 2897 usus
798 2843 846 2897 est
874 2855 933 2922 pro
962 2834 1086 2900 novicia
1112 2839 1360 2913 κατακλιύήναι,
1387 2842 1480 2908 euius

305 2947 352 3011 rei
374 2966 474 3033 quum
492 2951 576 3005 certa
596 2938 680 3029 apud
700 2961 773 3003 curn
796 2939 939 3027 exempla
961 2951 993 3005 et
1012 2941 1130 3008 indicia
1150 2944 1325 3034 supersint,
1351 2945 1479 3013 vitiosas

306 3051 423 3115 formas
452 3047 482 3111 ei
509 3045 690 3130 eximendos
718 3043 871 3121 arbitror,
903 3056 936 3108 ut
955 3052 1247 3125 συγκατακλιύήναι
1271 3050 1369 3140 paulo
1390 3066 1478 3121 ante.

305 3154 343 3221 In
364 3154 416 3232 iis,
441 3174 522 3242 quae
541 3150 737 3243 praecedunt
757 3148 810 3212 καὶ
834 3149 867 3212 τί
887 3148 965 3227 ἔγνω
986 3152 1098 3232 δρῖισαι
1121 3177 1220 3243 quum
1243 3155 1275 3219 in
1298 3154 1415 3222 Codice
1434 3161 1478 3225 eit

306 3260 359 3326 καί
384 3259 416 3323 τί
439 3257 516 3335 ἔγνω
539 3257 591 3320 καὶ
616 3258 726 3336 δρασαι
750 3275 857 3317 verum
878 3265 925 3318 est
944 3253 1059 3333 ἔγνωκε
1078 3259 1201 3337 δρᾶσαι.
1244 3261 1277 3325 Ρ.
1299 3266 1372 3340 113.
1398 3265 1479 3330 οίπο-

305 3366 466 3435 λαύοντες.
490 3360 569 3428 Cod.
590 3360 844 3430 ἀπολαύσαντες.
860 3399 898 3410 -
912 3361 1107 3436 πηδήσαντες
1129 3363 1198 3453 lege
1217 3365 1480 3444 ε’πιπηδήσαντεςξ

306 3469 435 3535 Ρ.·1«15.
460 3471 490 3533 ἐν
512 3467 720 3551 ήὲκαύέζετο.
748 3462 856 3530 Codex
875 3465 1017 3540 ε’κούύητο.
1044 3467 1147 3532 scribe
1165 3469 1336 3545 ἕκοίύηντο.’
1351 3471 1384 3537 Ρ.
1405 3479 1480 3544 119.

306 3572 420 3653 οιίματι
446 3572 585 3638 κείσεται
609 3572 727 3651 πολλῷ.
757 3570 827 3659 lege
847 3569 1007 3651 ῥεύσεται,
1035 3584 1070 3636 01
1094 3573 1145 3637 isti
1164 3572 1316 3639 dicebant
1332 3600 1392 3664 pro
1410 3583 1480 3661 ῥυή-

306 3701 408 3743 οεται.
432 3715 470 3727 -
493 3675 551 3741 κίον
567 3677 681 3757 ’βοήση
709 3673 787 3740 Cod.
807 3676 870 3757 βοᾷ
894 3685 928 3737 01
947 3697 1019 3740 mox
1041 3678 1166 3761 δακρύη.
1200 3678 1234 3744 Ρ.
1260 3683 1332 3745 121.
1357 3694 1482 3758 νεαλεῖς

307 3786 408 3864 ίχύῦς.
436 3783 545 3848 Codex
563 3781 653 3847 addit
672 3787 730 3846 τῶν
751 3781 880 3860 πετρίωυ
900 3780 921 3846 i.
932 3803 959 3846 e.
981 3785 1202 3865 πετραίων.-
1215 3788 1480 3877 οίναπεπταμένη.

308 3886 385 3953 Cod.
412 3889 442 3950 ἐν
470 3885 734 3964 ἀναπεπταμένη.
780 3884 815 3948 Ρ.
842 3887 915 3948 126.
945 3888 970 3951 οἱ
997 3888 1028 3951 δὲ
1062 3889 1299 3968 ἐπηγγέλλοντο
1329 3893 1480 3972 μεγοίλα.

308 3987 415 4055 Codex
436 3992 462 4054 οἱ
487 3991 518 4054 δὲ
543 3988 650 4053 πολλοί
675 3987 850 4067 ὑπέσχοντο
872 3990 898 4052 εί
921 3976 1041 4067 ταύτης
1063 3995 1201 4074 τύχοιεν.
1246 3996 1278 4062 Ρ.
1303 4001 1377 4062 127.
1401 4001 1482 4064 οίπε-

306 4094 471 4174 κέρδαινεν.
498 4090 577 4157 Cod.
600 4091 781 4171 ἐκέρδαινεν.
818 4091 852 4157 Ρ.
872 4095 946 4160 128.
969 4096 1191 4164 οίπούανεῑσύαι
1212 4102 1329 4181 λέγων,
1356 4104 1409 4168 καὶ
1428 4108 1482 4169 οὐκ

307 4199 400 4268 αὐτὸς
425 4197 513 4276 μύνος
532 4197 621 4261 οίλλοὶ
638 4196 690 4260 καί
709 4197 751 4260 τοὶ
771 4198 921 4279 πρόβατα
939 4210 1174 4279 μεταποιοῦντα
1194 4205 1339 4284 ποιμένα.
1365 4207 1482 4276 Nescio

308 4302 385 4393 quid
399 4302 583 4369 Connrnnro
603 4303 635 4367 in
658 4314 797 4368 mentem
817 4306 954 4383 venerit,
970 4331 1070 4396 quarn
1092 4319 1328 4388 μεταποιοῦντα
1345 4317 1482 4395 ποιμένα

307 4409 347 4475 de
376 4432 433 4474 suo
464 4409 587 4475 dederit
614 4421 646 4475 et
672 4413 841 4500 receperit,
866 4436 948 4502 quae
976 4417 1071 4481 rerba
1091 4441 1185 4485 sensu
1207 4442 1290 4484 cassa
1312 4432 1395 4487 sunt.
1444 4420 1482 4488 In

308 4514 480 4582 Codicibus
521 4528 568 4581 est
608 4516 806 4591 Florentino
837 4530 1008 4597 μεταποιεῖ
1038 4523 1089 4586 τὸν
1122 4525 1270 4602 ποιμένα,
1293 4527 1482 4596 ‚Vaticano

215 4646 217 4651 ’
306 4623 392 4703 μετίι
412 4626 547 4687 τοιοῦτον
566 4622 717 4701 ποιμένα,
738 4626 825 4715 quae
845 4647 918 4690 sana
939 4637 970 4691 et
984 4648 1063 4692 rere
1084 4627 1181 4695 lectio
1203 4642 1249 4695 est
1271 4642 1302 4695 et
1321 4631 1481 4722 significat

307 4731 374 4795 tata·
390 4736 534 4819 pectore
562 4730 706 4810 ωκινύοο,
732 4742 771 4796 ut
799 4730 892 4822 ra'epe
915 4731 1081 4824 isti'loqui
1105 4740 1221 4804 amant.
1268 4737 1480 4808 simillimum
