<?xml version="1.0" encoding="UTF-8"?>
<!DOCTYPE html PUBLIC "-//W3C//DTD XHTML 1.0 Transitional//EN"
    "http://www.w3.org/TR/xhtml1/DTD/xhtml1-transitional.dtd">
<html xmlns="http://www.w3.org/1999/xhtml" xml:lang="en" lang="en">
 <head>
  <title>
</title>
<meta http-equiv="Content-Type" content="text/html;charset=utf-8" />
  <meta name='ocr-system' content='tesseract 3.04.00' />
  <meta name='ocr-capabilities' content='ocr_page ocr_carea ocr_par ocr_line ocrx_word'/>
</head>
<body>
  <div class='ocr_page' id='page_1' title='image "./variaelectiones01cobegoog_0501.png"; bbox 0 0 3309 5750; ppageno 0'>
   <div class='ocr_carea' id='block_1_1' title="bbox 835 657 902 723">
    <p class='ocr_par' dir='ltr' id='par_1_1' title="bbox 835 657 902 723">
     <span class='ocr_line' id='line_1_1' title="bbox 835 657 902 723; baseline 0 0"><span class='ocrx_word' id='word_1_1' title='bbox 835 657 902 723; x_wconf 81' lang='lat'><strong>380</strong></span> 
     </span>
    </p>
   </div>
   <div class='ocr_carea' id='block_1_2' title="bbox 279 835 1543 4830">
    <p class='ocr_par' dir='ltr' id='par_1_2' title="bbox 279 835 1466 1051">
     <span class='ocr_line' id='line_1_2' title="bbox 279 835 1466 946; baseline -0.004 -22"><span class='ocrx_word' id='word_1_2' title='bbox 279 858 359 924; x_wconf 90' lang='lat' dir='ltr'><strong>tium</strong></span> <span class='ocrx_word' id='word_1_3' title='bbox 378 856 622 946; x_wconf 89' lang='lat' dir='ltr'><strong>scripturarum,</strong></span> <span class='ocrx_word' id='word_1_4' title='bbox 647 850 781 918; x_wconf 79' lang='lat' dir='ltr'><strong>vidend</strong></span> <span class='ocrx_word' id='word_1_5' title='bbox 805 849 986 918; x_wconf 80' lang='lat' dir='ltr'><strong>Locnrnr</strong></span> <span class='ocrx_word' id='word_1_6' title='bbox 1005 854 1065 930; x_wconf 89' lang='lat'><strong>20,</strong></span> <span class='ocrx_word' id='word_1_7' title='bbox 1086 854 1119 917; x_wconf 88' lang='grc'><strong>9.</strong></span> <span class='ocrx_word' id='word_1_8' title='bbox 1162 851 1258 917; x_wconf 85' lang='lat' dir='ltr'><strong>Hinc</strong></span> <span class='ocrx_word' id='word_1_9' title='bbox 1281 835 1466 921; x_wconf 71' lang='lat' dir='ltr'><strong>liuttere</strong></span> 
     </span>
     <span class='ocr_line' id='line_1_3' title="bbox 280 955 1345 1051; baseline -0.004 -22"><span class='ocrx_word' id='word_1_10' title='bbox 280 960 536 1029; x_wconf 82' lang='lat' dir='ltr'><strong>subveniendum</strong></span> <span class='ocrx_word' id='word_1_11' title='bbox 558 959 643 1051; x_wconf 84' lang='lat' dir='ltr'><strong>apud</strong></span> <span class='ocrx_word' id='word_1_12' title='bbox 664 959 763 1024; x_wconf 82' lang='lat' dir='ltr'><strong>Ptur.</strong></span> <span class='ocrx_word' id='word_1_13' title='bbox 783 955 825 1021; x_wconf 82' lang='lat' dir='ltr'><strong>de</strong></span> <span class='ocrx_word' id='word_1_14' title='bbox 835 958 1002 1045; x_wconf 66' lang='lat' dir='ltr'><strong>fraterno</strong></span> <span class='ocrx_word' id='word_1_15' title='bbox 1018 978 1132 1021; x_wconf 80' lang='lat' dir='ltr'><strong>amore</strong></span> <span class='ocrx_word' id='word_1_16' title='bbox 1151 980 1187 1047; x_wconf 88' lang='lat' dir='ltr'><strong>p.</strong></span> <span class='ocrx_word' id='word_1_17' title='bbox 1210 960 1286 1024; x_wconf 81' lang='lat'><strong>479</strong></span> <span class='ocrx_word' id='word_1_18' title='bbox 1308 976 1345 1025; x_wconf 81' lang='lat' dir='ltr'><strong>u.</strong></span> 
     </span>
    </p>

    <p class='ocr_par' dir='ltr' id='par_1_3' title="bbox 460 1060 1244 1144">
     <span class='ocr_line' id='line_1_4' title="bbox 460 1060 1244 1144; baseline -0.01 -12"><span class='ocrx_word' id='word_1_19' title='bbox 460 1070 514 1132; x_wconf 83' lang='grc' dir='ltr'><strong>οὐκ</strong></span> <span class='ocrx_word' id='word_1_20' title='bbox 538 1068 572 1131; x_wconf 80' lang='grc' dir='ltr'><strong>ἐκ</strong></span> <span class='ocrx_word' id='word_1_21' title='bbox 596 1071 696 1131; x_wconf 80' lang='grc' dir='ltr'><em>τοτιίν</em></span> <span class='ocrx_word' id='word_1_22' title='bbox 720 1064 772 1128; x_wconf 83' lang='grc' dir='ltr'><em>καί</em></span> <span class='ocrx_word' id='word_1_23' title='bbox 797 1070 855 1136; x_wconf 75' lang='grc' dir='ltr'><strong>τῆς</strong></span> <span class='ocrx_word' id='word_1_24' title='bbox 878 1064 948 1127; x_wconf 87' lang='grc' dir='ltr'><em>καθ’</em></span> <span class='ocrx_word' id='word_1_25' title='bbox 972 1060 1089 1140; x_wconf 78' lang='grc' dir='ltr'><em>ἡμέραν</em></span> <span class='ocrx_word' id='word_1_26' title='bbox 1113 1066 1244 1144; x_wconf 72' lang='grc' dir='ltr'><em>τρυφῆς</em></span> 
     </span>
    </p>

    <p class='ocr_par' dir='ltr' id='par_1_4' title="bbox 404 1163 1145 1253">
     <span class='ocr_line' id='line_1_5' title="bbox 404 1163 1145 1253; baseline -0.011 -16"><span class='ocrx_word' id='word_1_27' title='bbox 404 1216 407 1220; x_wconf 92' lang='grc'>-</span> <span class='ocrx_word' id='word_1_28' title='bbox 462 1173 631 1253; x_wconf 81' lang='grc' dir='ltr'><em>ζητοῦμεν,</em></span> <span class='ocrx_word' id='word_1_29' title='bbox 655 1163 677 1250; x_wconf 81' lang='grc' dir='ltr'><strong><em>ᾦ</em></strong></span> <span class='ocrx_word' id='word_1_30' title='bbox 700 1167 889 1246; x_wconf 81' lang='grc' dir='ltr'><em>τιςεθσομεν</em></span> <span class='ocrx_word' id='word_1_31' title='bbox 912 1166 955 1232; x_wconf 81' lang='grc' dir='ltr'><strong>τθι</strong></span> <span class='ocrx_word' id='word_1_32' title='bbox 978 1170 1033 1231; x_wconf 79' lang='grc' dir='ltr'><strong>τοῦ</strong></span> <span class='ocrx_word' id='word_1_33' title='bbox 1056 1166 1145 1244; x_wconf 81' lang='grc' dir='ltr'><em>βίον,</em></span> 
     </span>
    </p>

    <p class='ocr_par' dir='ltr' id='par_1_5' title="bbox 460 1270 1120 1356">
     <span class='ocr_line' id='line_1_6' title="bbox 460 1270 1120 1356; baseline -0.011 -16"><span class='ocrx_word' id='word_1_34' title='bbox 460 1275 578 1356; x_wconf 68' lang='grc' dir='ltr'><em>τοθτερς</em></span> <span class='ocrx_word' id='word_1_35' title='bbox 602 1270 637 1339; x_wconf 83' lang='grc' dir='ltr'><strong>οὖ</strong></span> <span class='ocrx_word' id='word_1_36' title='bbox 660 1274 803 1352; x_wconf 77' lang='grc' dir='ltr'><em>περιττὸν</em></span> <span class='ocrx_word' id='word_1_37' title='bbox 827 1271 901 1337; x_wconf 82' lang='grc' dir='ltr'><em>οἴετ’</em></span> <span class='ocrx_word' id='word_1_38' title='bbox 926 1270 1120 1349; x_wconf 73' lang='grc' dir='ltr'><strong>ἐξευρηκέναι</strong></span> 
     </span>
    </p>

    <p class='ocr_par' dir='ltr' id='par_1_6' title="bbox 282 1372 1543 4830">
     <span class='ocr_line' id='line_1_7' title="bbox 462 1372 1111 1457; baseline -0.011 -13"><span class='ocrx_word' id='word_1_39' title='bbox 462 1380 583 1457; x_wconf 81' lang='grc' dir='ltr'><em>οἰγαθδν</em></span> <span class='ocrx_word' id='word_1_40' title='bbox 607 1376 718 1447; x_wconf 73' lang='grc' dir='ltr'><em>ἔκαε-οι</em></span> <span class='ocrx_word' id='word_1_41' title='bbox 743 1376 782 1440; x_wconf 86' lang='grc' dir='ltr'><strong>ἰιν</strong></span> <span class='ocrx_word' id='word_1_42' title='bbox 805 1374 867 1457; x_wconf 78' lang='grc' dir='ltr'><strong>ἔχη</strong></span> <span class='ocrx_word' id='word_1_43' title='bbox 887 1374 984 1456; x_wconf 76' lang='grc' dir='ltr'><em>φίλου</em></span> <span class='ocrx_word' id='word_1_44' title='bbox 1007 1372 1111 1438; x_wconf 80' lang='grc' dir='ltr'><em>σκιοίν.</em></span> 
     </span>
     <span class='ocr_line' id='line_1_8' title="bbox 286 1478 1472 1575; baseline -0.007 -18"><span class='ocrx_word' id='word_1_45' title='bbox 286 1490 367 1557; x_wconf 89' lang='lat' dir='ltr'>nihil</span> <span class='ocrx_word' id='word_1_46' title='bbox 386 1486 502 1554; x_wconf 88' lang='lat' dir='ltr'><strong>certius</strong></span> <span class='ocrx_word' id='word_1_47' title='bbox 522 1507 620 1575; x_wconf 92' lang='lat' dir='ltr'><strong>quam</strong></span> <span class='ocrx_word' id='word_1_48' title='bbox 641 1480 891 1548; x_wconf 88' lang='lat' dir='ltr'><strong>emendandum:</strong></span> <span class='ocrx_word' id='word_1_49' title='bbox 915 1482 949 1545; x_wconf 87' lang='grc' dir='ltr'><strong>οιί</strong></span> <span class='ocrx_word' id='word_1_50' title='bbox 971 1479 1114 1560; x_wconf 79' lang='grc' dir='ltr'><em>περιττὸν</em></span> <span class='ocrx_word' id='word_1_51' title='bbox 1129 1516 1177 1528; x_wconf 95' lang='grc'><strong>-</strong></span> <span class='ocrx_word' id='word_1_52' title='bbox 1192 1478 1315 1557; x_wconf 72' lang='grc' dir='ltr'><em>σκιάνς</em></span> <span class='ocrx_word' id='word_1_53' title='bbox 1344 1481 1385 1574; x_wconf 78' lang='lat' dir='ltr'><strong>ln</strong></span> <span class='ocrx_word' id='word_1_54' title='bbox 1401 1486 1472 1570; x_wconf 74' lang='lat' dir='ltr'><strong>§ll¹</strong></span> 
     </span>
     <span class='ocr_line' id='line_1_9' title="bbox 282 1582 1470 1674; baseline -0.006 -12"><span class='ocrx_word' id='word_1_55' title='bbox 282 1596 396 1663; x_wconf 87' lang='grc' dir='ltr'><em>έκείνον</em></span> <span class='ocrx_word' id='word_1_56' title='bbox 426 1594 458 1659; x_wconf 72' lang='grc' dir='ltr'><strong>δὲ</strong></span> <span class='ocrx_word' id='word_1_57' title='bbox 489 1593 522 1657; x_wconf 87' lang='grc' dir='ltr'><em>τί</em></span> <span class='ocrx_word' id='word_1_58' title='bbox 553 1593 697 1674; x_wconf 77' lang='grc' dir='ltr'><em>φήσομεν</em></span> <span class='ocrx_word' id='word_1_59' title='bbox 727 1588 825 1653; x_wconf 88' lang='grc' dir='ltr'><em>αἰτιον</em></span> <span class='ocrx_word' id='word_1_60' title='bbox 857 1582 935 1652; x_wconf 80' lang='grc' dir='ltr'><em>εἰναι</em></span> <span class='ocrx_word' id='word_1_61' title='bbox 963 1590 1019 1650; x_wconf 83' lang='grc' dir='ltr'><strong>τοῦ</strong></span> <span class='ocrx_word' id='word_1_62' title='bbox 1052 1584 1211 1657; x_wconf 77' lang='grc' dir='ltr'><em>τθνται</em></span> <span class='ocrx_word' id='word_1_63' title='bbox 1242 1588 1406 1657; x_wconf 86' lang='grc' dir='ltr'><em>εἰδέναι</em></span> <span class='ocrx_word' id='word_1_64' title='bbox 1435 1588 1470 1655; x_wconf 76' lang='lat' dir='ltr'><strong>dn</strong></span> 
     </span>
     <span class='ocr_line' id='line_1_10' title="bbox 284 1687 1471 1779; baseline -0.003 -17"><span class='ocrx_word' id='word_1_65' title='bbox 284 1702 345 1779; x_wconf 78' lang='grc' dir='ltr'><strong>ἐγὼ</strong></span> <span class='ocrx_word' id='word_1_66' title='bbox 372 1696 595 1777; x_wconf 65' lang='lat' dir='ltr'><strong>intronizatur</strong></span> <span class='ocrx_word' id='word_1_67' title='bbox 618 1695 776 1775; x_wconf 69' lang='grc' dir='ltr'><em>χρήματα</em></span> <span class='ocrx_word' id='word_1_68' title='bbox 801 1690 1004 1774; x_wconf 72' lang='grc' dir='ltr'><strong>ἀντιδιδόναι,</strong></span> <span class='ocrx_word' id='word_1_69' title='bbox 1031 1687 1114 1766; x_wconf 72' lang='grc' dir='ltr'><strong>ὅμως</strong></span> <span class='ocrx_word' id='word_1_70' title='bbox 1137 1692 1289 1765; x_wconf 76' lang='grc' dir='ltr'><em>πολλοὺς</em></span> <span class='ocrx_word' id='word_1_71' title='bbox 1319 1696 1471 1775; x_wconf 74' lang='grc' dir='ltr'><em>ἐπιθυμεῖν</em></span> 
     </span>
     <span class='ocr_line' id='line_1_11' title="bbox 284 1793 1470 1887; baseline -0.001 -18"><span class='ocrx_word' id='word_1_72' title='bbox 284 1803 354 1883; x_wconf 84' lang='grc' dir='ltr'><em>ε’ριοί</em></span> <span class='ocrx_word' id='word_1_73' title='bbox 378 1827 408 1867; x_wconf 91' lang='grc' dir='ltr'><strong>τι</strong></span> <span class='ocrx_word' id='word_1_74' title='bbox 434 1802 609 1881; x_wconf 67' lang='grc' dir='ltr'><em>δωρεῖσθαι,</em></span> <span class='ocrx_word' id='word_1_75' title='bbox 644 1798 810 1887; x_wconf 81' lang='lat' dir='ltr'><strong>Nusquam</strong></span> <span class='ocrx_word' id='word_1_76' title='bbox 830 1808 863 1861; x_wconf 88' lang='lat' dir='ltr'><strong>te</strong></span> <span class='ocrx_word' id='word_1_77' title='bbox 882 1817 919 1861; x_wconf 82' lang='lat' dir='ltr'><strong>ex</strong></span> <span class='ocrx_word' id='word_1_78' title='bbox 942 1793 1096 1859; x_wconf 86' lang='lat' dir='ltr'><strong>hocloco</strong></span> <span class='ocrx_word' id='word_1_79' title='bbox 1117 1796 1280 1885; x_wconf 81' lang='lat' dir='ltr'>expedies</span> <span class='ocrx_word' id='word_1_80' title='bbox 1304 1799 1416 1867; x_wconf 89' lang='lat' dir='ltr'><strong>donec</strong></span> <span class='ocrx_word' id='word_1_81' title='bbox 1433 1826 1470 1867; x_wconf 89' lang='lat' dir='ltr'><strong>rc·</strong></span> 
     </span>
     <span class='ocr_line' id='line_1_12' title="bbox 285 1903 1469 1998; baseline -0.003 -24"><span class='ocrx_word' id='word_1_82' title='bbox 285 1907 445 1998; x_wconf 82' lang='lat' dir='ltr'><strong>scripseris</strong></span> <span class='ocrx_word' id='word_1_83' title='bbox 471 1904 596 1970; x_wconf 81' lang='grc' dir='ltr'><em>τοίντιον</em></span> <span class='ocrx_word' id='word_1_84' title='bbox 629 1903 750 1968; x_wconf 86' lang='grc' dir='ltr'><em>εἰδθτοον</em></span> <span class='ocrx_word' id='word_1_85' title='bbox 779 1924 980 1992; x_wconf 83' lang='lat' dir='ltr'><strong>quamquam</strong></span> <span class='ocrx_word' id='word_1_86' title='bbox 1001 1904 1112 1965; x_wconf 73' lang='lat' dir='ltr'><strong>sciunt</strong></span> <span class='ocrx_word' id='word_1_87' title='bbox 1137 1924 1268 1968; x_wconf 81' lang='lat' dir='ltr'><strong>omnes.</strong></span> <span class='ocrx_word' id='word_1_88' title='bbox 1317 1904 1362 1970; x_wconf 89' lang='lat' dir='ltr'><strong>ln</strong></span> <span class='ocrx_word' id='word_1_89' title='bbox 1392 1909 1469 1993; x_wconf 70' lang='grc'><strong>520.</strong></span> 
     </span>
     <span class='ocr_line' id='line_1_13' title="bbox 285 2005 1469 2099; baseline -0.003 -19"><span class='ocrx_word' id='word_1_90' title='bbox 285 2020 397 2080; x_wconf 80' lang='grc' dir='ltr'><em>τοῦτο</em></span> <span class='ocrx_word' id='word_1_91' title='bbox 436 2009 498 2088; x_wconf 76' lang='grc' dir='ltr'><strong>γοίρ</strong></span> <span class='ocrx_word' id='word_1_92' title='bbox 528 2008 631 2072; x_wconf 78' lang='grc' dir='ltr'><em>ἴσασιν</em></span> <span class='ocrx_word' id='word_1_93' title='bbox 665 2006 733 2083; x_wconf 76' lang='grc' dir='ltr'><strong>ἐμοὶ</strong></span> <span class='ocrx_word' id='word_1_94' title='bbox 767 2005 965 2085; x_wconf 73' lang='grc' dir='ltr'><em>μεμεληκός,</em></span> <span class='ocrx_word' id='word_1_95' title='bbox 1000 2005 1122 2094; x_wconf 80' lang='lat' dir='ltr'><strong>corrige</strong></span> <span class='ocrx_word' id='word_1_96' title='bbox 1146 2008 1283 2075; x_wconf 75' lang='grc' dir='ltr'><em>τούτου.</em></span> <span class='ocrx_word' id='word_1_97' title='bbox 1330 2010 1469 2099; x_wconf 75' lang='lat'>111522</span> 
     </span>
     <span class='ocr_line' id='line_1_14' title="bbox 288 2110 1468 2200; baseline 0.001 -21"><span class='ocrx_word' id='word_1_98' title='bbox 288 2119 371 2197; x_wconf 76' lang='grc' dir='ltr'><em>μήτε</em></span> <span class='ocrx_word' id='word_1_99' title='bbox 400 2112 467 2192; x_wconf 85' lang='grc' dir='ltr'><strong>τερί</strong></span> <span class='ocrx_word' id='word_1_100' title='bbox 494 2110 800 2188; x_wconf 76' lang='grc' dir='ltr'><em>θεοὺςοίσεβῆσαι</em></span> <span class='ocrx_word' id='word_1_101' title='bbox 827 2110 911 2187; x_wconf 73' lang='grc' dir='ltr'><em>μήτε</em></span> <span class='ocrx_word' id='word_1_102' title='bbox 938 2110 1006 2192; x_wconf 84' lang='grc' dir='ltr'><strong>τερί</strong></span> <span class='ocrx_word' id='word_1_103' title='bbox 1031 2111 1204 2191; x_wconf 73' lang='grc' dir='ltr'><em>ἀνθρώπους</em></span> <span class='ocrx_word' id='word_1_104' title='bbox 1232 2112 1353 2200; x_wconf 74' lang='grc' dir='ltr'><em>ἄδικος</em></span> <span class='ocrx_word' id='word_1_105' title='bbox 1383 2123 1468 2200; x_wconf 64' lang='grc' dir='ltr'><em>Φανη</em></span> 
     </span>
     <span class='ocr_line' id='line_1_15' title="bbox 288 2214 1468 2306; baseline -0.003 -19"><span class='ocrx_word' id='word_1_106' title='bbox 288 2246 355 2296; x_wconf 89' lang='grc' dir='ltr'><em>ναι,</em></span> <span class='ocrx_word' id='word_1_107' title='bbox 380 2216 554 2284; x_wconf 88' lang='lat' dir='ltr'><strong>rectissime</strong></span> <span class='ocrx_word' id='word_1_108' title='bbox 574 2214 741 2282; x_wconf 80' lang='lat' dir='ltr'><strong>Htuscute</strong></span> <span class='ocrx_word' id='word_1_109' title='bbox 760 2216 895 2294; x_wconf 79' lang='grc' dir='ltr'><em>οἰσοβιίς.</em></span> <span class='ocrx_word' id='word_1_110' title='bbox 933 2214 975 2306; x_wconf 74' lang='lat'><em>,1¹¹</em></span> <span class='ocrx_word' id='word_1_111' title='bbox 997 2219 1015 2303; x_wconf 86' lang='lat'>§</span> <span class='ocrx_word' id='word_1_112' title='bbox 1037 2219 1090 2281; x_wconf 82' lang='lat'><strong>24.</strong></span> <span class='ocrx_word' id='word_1_113' title='bbox 1113 2215 1182 2292; x_wconf 85' lang='grc' dir='ltr'><strong>ἒμοί</strong></span> <span class='ocrx_word' id='word_1_114' title='bbox 1207 2216 1243 2281; x_wconf 76' lang='grc' dir='ltr'><strong>δὲ</strong></span> <span class='ocrx_word' id='word_1_115' title='bbox 1268 2220 1308 2285; x_wconf 84' lang='grc' dir='ltr'><strong>Ιτί</strong></span> <span class='ocrx_word' id='word_1_116' title='bbox 1337 2224 1468 2303; x_wconf 78' lang='grc' dir='ltr'><em>τροσιίιει</em></span> 
     </span>
     <span class='ocr_line' id='line_1_16' title="bbox 285 2320 1468 2414; baseline 0.001 -23"><span class='ocrx_word' id='word_1_117' title='bbox 285 2331 337 2391; x_wconf 75' lang='grc' dir='ltr'><strong>νῦν</strong></span> <span class='ocrx_word' id='word_1_118' title='bbox 357 2331 443 2403; x_wconf 81' lang='grc' dir='ltr'><em>μεῖον</em></span> <span class='ocrx_word' id='word_1_119' title='bbox 467 2320 626 2404; x_wconf 72' lang='grc' dir='ltr'><em>Φρονείνιί</em></span> <span class='ocrx_word' id='word_1_120' title='bbox 651 2320 720 2400; x_wconf 86' lang='grc' dir='ltr'><strong>τρίν</strong></span> <span class='ocrx_word' id='word_1_121' title='bbox 745 2321 967 2401; x_wconf 69' lang='grc' dir='ltr'><em>κατακριθῆναι</em></span> <span class='ocrx_word' id='word_1_122' title='bbox 991 2321 1086 2399; x_wconf 75' lang='grc' dir='ltr'><em>μηδὲν</em></span> <span class='ocrx_word' id='word_1_123' title='bbox 1111 2322 1313 2400; x_wconf 76' lang='grc' dir='ltr'><em>ἐλεγχθέντι</em></span> <span class='ocrx_word' id='word_1_124' title='bbox 1348 2325 1402 2414; x_wconf 77' lang='grc' dir='ltr'><strong>[εἰς</strong></span> <span class='ocrx_word' id='word_1_125' title='bbox 1426 2351 1468 2391; x_wconf 75' lang='grc' dir='ltr'><strong>τι·</strong></span> 
     </span>
     <span class='ocr_line' id='line_1_17' title="bbox 285 2422 1467 2515; baseline -0.003 -19"><span class='ocrx_word' id='word_1_126' title='bbox 285 2427 401 2505; x_wconf 80' lang='grc' dir='ltr'><em>τοθηκοί</em></span> <span class='ocrx_word' id='word_1_127' title='bbox 430 2426 475 2515; x_wconf 91' lang='grc' dir='ltr'><strong>τι]</strong></span> <span class='ocrx_word' id='word_1_128' title='bbox 505 2422 543 2490; x_wconf 84' lang='grc' dir='ltr'><strong>ὦν</strong></span> <span class='ocrx_word' id='word_1_129' title='bbox 572 2422 740 2505; x_wconf 79' lang='grc' dir='ltr'><em>ε’γροίψατθ</em></span> <span class='ocrx_word' id='word_1_130' title='bbox 769 2449 822 2501; x_wconf 84' lang='grc' dir='ltr'><strong>με.</strong></span> <span class='ocrx_word' id='word_1_131' title='bbox 875 2424 993 2514; x_wconf 75' lang='lat' dir='ltr'><strong>Ecquis</strong></span> <span class='ocrx_word' id='word_1_132' title='bbox 1021 2436 1084 2502; x_wconf 85' lang='lat' dir='ltr'><strong>est,</strong></span> <span class='ocrx_word' id='word_1_133' title='bbox 1109 2425 1168 2515; x_wconf 89' lang='lat' dir='ltr'><strong>qui</strong></span> <span class='ocrx_word' id='word_1_134' title='bbox 1190 2427 1232 2497; x_wconf 79' lang='grc' dir='ltr'><strong>ὥς</strong></span> <span class='ocrx_word' id='word_1_135' title='bbox 1258 2429 1427 2506; x_wconf 82' lang='grc' dir='ltr'><em>τετοθηκοί</em></span> <span class='ocrx_word' id='word_1_136' title='bbox 1444 2453 1467 2495; x_wconf 88' lang='grc' dir='ltr'><strong>τι</strong></span> 
     </span>
     <span class='ocr_line' id='line_1_18' title="bbox 287 2530 1468 2624; baseline 0.001 -24"><span class='ocrx_word' id='word_1_137' title='bbox 287 2534 403 2601; x_wconf 87' lang='lat' dir='ltr'><strong>serrari</strong></span> <span class='ocrx_word' id='word_1_138' title='bbox 432 2554 524 2624; x_wconf 87' lang='lat' dir='ltr'><strong>posse</strong></span> <span class='ocrx_word' id='word_1_139' title='bbox 551 2540 645 2621; x_wconf 88' lang='lat' dir='ltr'><strong>putat</strong></span> <span class='ocrx_word' id='word_1_140' title='bbox 673 2539 712 2620; x_wconf 87' lang='lat' dir='ltr'><strong>et</strong></span> <span class='ocrx_word' id='word_1_141' title='bbox 735 2530 897 2609; x_wconf 76' lang='grc' dir='ltr'><em>ἠλέγχθην</em></span> <span class='ocrx_word' id='word_1_142' title='bbox 920 2532 959 2601; x_wconf 78' lang='grc' dir='ltr'><strong>εἰς</strong></span> <span class='ocrx_word' id='word_1_143' title='bbox 986 2530 1143 2605; x_wconf 83' lang='grc' dir='ltr'><em>τετοίηκοί</em></span> <span class='ocrx_word' id='word_1_144' title='bbox 1168 2552 1200 2593; x_wconf 92' lang='grc' dir='ltr'><strong>τι</strong></span> <span class='ocrx_word' id='word_1_145' title='bbox 1226 2530 1331 2599; x_wconf 78' lang='lat' dir='ltr'><strong>¹bene</strong></span> <span class='ocrx_word' id='word_1_146' title='bbox 1364 2535 1468 2602; x_wconf 83' lang='lat' dir='ltr'><strong>Graece</strong></span> 
     </span>
     <span class='ocr_line' id='line_1_19' title="bbox 289 2634 1543 2726; baseline 0.002 -21"><span class='ocrx_word' id='word_1_147' title='bbox 289 2640 411 2705; x_wconf 91' lang='lat' dir='ltr'><strong>dictum</strong></span> <span class='ocrx_word' id='word_1_148' title='bbox 438 2637 529 2704; x_wconf 78' lang='lat' dir='ltr'><strong>esse?</strong></span> <span class='ocrx_word' id='word_1_149' title='bbox 577 2635 615 2700; x_wconf 90' lang='lat' dir='ltr'><strong>lu</strong></span> <span class='ocrx_word' id='word_1_150' title='bbox 644 2637 737 2720; x_wconf 85' lang='lat'><strong>§25.</strong></span> <span class='ocrx_word' id='word_1_151' title='bbox 761 2634 864 2715; x_wconf 75' lang='grc' dir='ltr'><em>έφοίνη</em></span> <span class='ocrx_word' id='word_1_152' title='bbox 890 2634 963 2713; x_wconf 81' lang='grc' dir='ltr'><em>ὑμῖν</em></span> <span class='ocrx_word' id='word_1_153' title='bbox 996 2634 1079 2723; x_wconf 81' lang='grc' dir='ltr'><em>[τοῦ]</em></span> <span class='ocrx_word' id='word_1_154' title='bbox 1105 2634 1244 2701; x_wconf 81' lang='grc' dir='ltr'><em>θανοίτον</em></span> <span class='ocrx_word' id='word_1_155' title='bbox 1272 2638 1372 2720; x_wconf 81' lang='grc' dir='ltr'><em>ἔργον</em></span> <span class='ocrx_word' id='word_1_156' title='bbox 1397 2642 1467 2719; x_wconf 79' lang='grc' dir='ltr'><em>ἄξιον</em></span> <span class='ocrx_word' id='word_1_157' title='bbox 1541 2718 1543 2726; x_wconf 33' lang='grc' dir='ltr'>Ι</span> 
     </span>
     <span class='ocr_line' id='line_1_20' title="bbox 289 2738 1475 2827; baseline 0.002 -17"><span class='ocrx_word' id='word_1_158' title='bbox 289 2746 356 2824; x_wconf 76' lang='grc' dir='ltr'><strong>ἐμοὶ</strong></span> <span class='ocrx_word' id='word_1_159' title='bbox 391 2740 606 2825; x_wconf 72' lang='grc' dir='ltr'><em>εἰργασμένον.</em></span> <span class='ocrx_word' id='word_1_160' title='bbox 652 2738 772 2804; x_wconf 79' lang='lat' dir='ltr'><strong>Graece</strong></span> <span class='ocrx_word' id='word_1_161' title='bbox 801 2738 920 2804; x_wconf 90' lang='lat' dir='ltr'><strong>dicitur</strong></span> <span class='ocrx_word' id='word_1_162' title='bbox 948 2739 1110 2821; x_wconf 70' lang='grc' dir='ltr'><em>εἰργάσθαι</em></span> <span class='ocrx_word' id='word_1_163' title='bbox 1144 2748 1303 2818; x_wconf 81' lang='grc' dir='ltr'><em>πληγῶν,</em></span> <span class='ocrx_word' id='word_1_164' title='bbox 1340 2747 1475 2827; x_wconf 72' lang='grc' dir='ltr'><em>δεσμθν,</em></span> 
     </span>
     <span class='ocr_line' id='line_1_21' title="bbox 290 2844 1467 2933; baseline 0.003 -19"><span class='ocrx_word' id='word_1_165' title='bbox 290 2856 419 2933; x_wconf 71' lang='grc' dir='ltr'><em>φυγῆς,</em></span> <span class='ocrx_word' id='word_1_166' title='bbox 444 2847 577 2914; x_wconf 85' lang='grc' dir='ltr'><em>θανοίτοιι</em></span> <span class='ocrx_word' id='word_1_167' title='bbox 596 2844 673 2924; x_wconf 75' lang='grc' dir='ltr'><em>ἄξια</em></span> <span class='ocrx_word' id='word_1_168' title='bbox 695 2857 726 2910; x_wconf 90' lang='lat' dir='ltr'><strong>et</strong></span> <span class='ocrx_word' id='word_1_169' title='bbox 746 2851 893 2924; x_wconf 72' lang='grc' dir='ltr'><em>πληγῶν,</em></span> <span class='ocrx_word' id='word_1_170' title='bbox 919 2846 1058 2924; x_wconf 78' lang='grc' dir='ltr'><em>δεσμῶν,</em></span> <span class='ocrx_word' id='word_1_171' title='bbox 1082 2850 1206 2926; x_wconf 78' lang='grc' dir='ltr'><em>φνγνίι,</em></span> <span class='ocrx_word' id='word_1_172' title='bbox 1232 2848 1381 2917; x_wconf 68' lang='grc' dir='ltr'><em>θανάτοιν</em></span> <span class='ocrx_word' id='word_1_173' title='bbox 1397 2850 1467 2930; x_wconf 55' lang='lat' dir='ltr'><strong>ditor</strong></span> 
     </span>
     <span class='ocr_line' id='line_1_22' title="bbox 291 2949 1466 3038; baseline 0.001 -17"><span class='ocrx_word' id='word_1_174' title='bbox 291 2967 323 3022; x_wconf 88' lang='lat' dir='ltr'><strong>et</strong></span> <span class='ocrx_word' id='word_1_175' title='bbox 344 2956 476 3026; x_wconf 69' lang='grc' dir='ltr'><em>θάνατος</em></span> <span class='ocrx_word' id='word_1_176' title='bbox 503 2962 606 3018; x_wconf 81' lang='grc' dir='ltr'><em>κεῖται</em></span> <span class='ocrx_word' id='word_1_177' title='bbox 634 2950 855 3038; x_wconf 62' lang='lat' dir='ltr'><strong>(inlustrandi</strong></span> <span class='ocrx_word' id='word_1_178' title='bbox 881 2949 998 3032; x_wconf 82' lang='grc' dir='ltr'><em>ζημία,</em></span> <span class='ocrx_word' id='word_1_179' title='bbox 1024 2963 1056 3015; x_wconf 93' lang='lat' dir='ltr'><strong>et</strong></span> <span class='ocrx_word' id='word_1_180' title='bbox 1080 2950 1228 3023; x_wconf 67' lang='lat' dir='ltr'><strong>dolueras*</strong></span> <span class='ocrx_word' id='word_1_181' title='bbox 1247 2957 1355 3021; x_wconf 82' lang='grc' dir='ltr'><em>αὐτοῦ</em></span> <span class='ocrx_word' id='word_1_182' title='bbox 1386 2981 1466 3022; x_wconf 87' lang='grc' dir='ltr'><em>κατε-</em></span> 
     </span>
     <span class='ocr_line' id='line_1_23' title="bbox 290 3054 1468 3153; baseline 0.002 -29"><span class='ocrx_word' id='word_1_183' title='bbox 290 3060 427 3141; x_wconf 76' lang='grc' dir='ltr'><em>γνώσθηε</em></span> <span class='ocrx_word' id='word_1_184' title='bbox 452 3055 534 3123; x_wconf 87' lang='lat' dir='ltr'><strong>nihil</strong></span> <span class='ocrx_word' id='word_1_185' title='bbox 553 3054 670 3120; x_wconf 91' lang='lat' dir='ltr'><strong>horum</strong></span> <span class='ocrx_word' id='word_1_186' title='bbox 690 3055 862 3120; x_wconf 86' lang='lat' dir='ltr'><strong>articulum</strong></span> <span class='ocrx_word' id='word_1_187' title='bbox 881 3054 1024 3121; x_wconf 79' lang='lat' dir='ltr'><strong>admittit</strong></span> <span class='ocrx_word' id='word_1_188' title='bbox 1043 3068 1074 3121; x_wconf 90' lang='lat' dir='ltr'><strong>et</strong></span> <span class='ocrx_word' id='word_1_189' title='bbox 1095 3056 1127 3120; x_wconf 87' lang='lat' dir='ltr'><strong>in</strong></span> <span class='ocrx_word' id='word_1_190' title='bbox 1147 3056 1290 3125; x_wconf 77' lang='lat' dir='ltr'><strong>marimo</strong></span> <span class='ocrx_word' id='word_1_191' title='bbox 1311 3061 1468 3153; x_wconf 81' lang='lat' dir='ltr'><strong>exemplo·</strong></span> 
     </span>
     <span class='ocr_line' id='line_1_24' title="bbox 292 3159 1470 3255; baseline 0.003 -25"><span class='ocrx_word' id='word_1_192' title='bbox 292 3187 365 3231; x_wconf 90' lang='lat' dir='ltr'><strong>rum</strong></span> <span class='ocrx_word' id='word_1_193' title='bbox 389 3163 482 3254; x_wconf 88' lang='lat' dir='ltr'><strong>eopia</strong></span> <span class='ocrx_word' id='word_1_194' title='bbox 502 3183 661 3252; x_wconf 82' lang='lat' dir='ltr'><strong>nusquam</strong></span> <span class='ocrx_word' id='word_1_195' title='bbox 685 3160 717 3225; x_wconf 91' lang='lat' dir='ltr'><strong>in</strong></span> <span class='ocrx_word' id='word_1_196' title='bbox 739 3159 789 3225; x_wconf 91' lang='lat' dir='ltr'><strong>his</strong></span> <span class='ocrx_word' id='word_1_197' title='bbox 808 3172 841 3225; x_wconf 88' lang='lat' dir='ltr'><strong>et</strong></span> <span class='ocrx_word' id='word_1_198' title='bbox 859 3160 1018 3227; x_wconf 85' lang='lat' dir='ltr'><strong>similibus</strong></span> <span class='ocrx_word' id='word_1_199' title='bbox 1038 3161 1193 3228; x_wconf 83' lang='lat' dir='ltr'><strong>articulus</strong></span> <span class='ocrx_word' id='word_1_200' title='bbox 1215 3179 1381 3255; x_wconf 84' lang='lat' dir='ltr'><strong>apparet.&#39;</strong></span> <span class='ocrx_word' id='word_1_201' title='bbox 1415 3168 1470 3233; x_wconf 83' lang='lat' dir='ltr'><strong>lta·</strong></span> 
     </span>
     <span class='ocr_line' id='line_1_25' title="bbox 293 3265 1471 3362; baseline 0.003 -27"><span class='ocrx_word' id='word_1_202' title='bbox 293 3292 357 3362; x_wconf 88' lang='lat' dir='ltr'><strong>que</strong></span> <span class='ocrx_word' id='word_1_203' title='bbox 376 3268 488 3335; x_wconf 87' lang='lat' dir='ltr'><strong>eadem</strong></span> <span class='ocrx_word' id='word_1_204' title='bbox 510 3290 605 3357; x_wconf 85' lang='lat' dir='ltr'><strong>opera</strong></span> <span class='ocrx_word' id='word_1_205' title='bbox 624 3265 745 3354; x_wconf 79' lang='lat' dir='ltr'><strong>corrige</strong></span> <span class='ocrx_word' id='word_1_206' title='bbox 764 3266 834 3350; x_wconf 90' lang='lat' dir='ltr'><strong>in§</strong></span> <span class='ocrx_word' id='word_1_207' title='bbox 857 3268 911 3330; x_wconf 88' lang='grc'><strong>27.</strong></span> <span class='ocrx_word' id='word_1_208' title='bbox 934 3266 967 3331; x_wconf 86' lang='grc' dir='ltr'><em>τί</em></span> <span class='ocrx_word' id='word_1_209' title='bbox 984 3271 1093 3341; x_wconf 66' lang='lat' dir='ltr'><strong>rodem</strong></span> <span class='ocrx_word' id='word_1_210' title='bbox 1118 3268 1217 3333; x_wconf 82' lang='grc' dir='ltr'><em>εἰπεῖν</em></span> <span class='ocrx_word' id='word_1_211' title='bbox 1234 3272 1355 3349; x_wconf 81' lang='grc' dir='ltr'><em>αὐτὸν,</em></span> <span class='ocrx_word' id='word_1_212' title='bbox 1375 3274 1393 3351; x_wconf 80' lang='grc' dir='ltr'>ἢ</span> <span class='ocrx_word' id='word_1_213' title='bbox 1411 3273 1471 3356; x_wconf 83' lang='grc' dir='ltr'><em>ιίρτι</em></span> 
     </span>
     <span class='ocr_line' id='line_1_26' title="bbox 292 3367 1470 3459; baseline -0.001 -17"><span class='ocrx_word' id='word_1_214' title='bbox 292 3375 461 3457; x_wconf 63' lang='lat' dir='ltr'><strong>denudem</strong></span> <span class='ocrx_word' id='word_1_215' title='bbox 494 3375 527 3439; x_wconf 87' lang='grc' dir='ltr'><strong>οιί</strong></span> <span class='ocrx_word' id='word_1_216' title='bbox 559 3374 621 3453; x_wconf 81' lang='grc' dir='ltr'><strong>γίιρ</strong></span> <span class='ocrx_word' id='word_1_217' title='bbox 653 3371 756 3436; x_wconf 72' lang='grc' dir='ltr'><em>τάλαι</em></span> <span class='ocrx_word' id='word_1_218' title='bbox 786 3369 835 3439; x_wconf 83' lang='grc' dir='ltr'><strong>ἰςε</strong></span> <span class='ocrx_word' id='word_1_219' title='bbox 856 3367 903 3436; x_wconf 77' lang='grc' dir='ltr'><strong>ὅτι</strong></span> <span class='ocrx_word' id='word_1_220' title='bbox 930 3370 965 3447; x_wconf 76' lang='grc' dir='ltr'><strong>ἐξ</strong></span> <span class='ocrx_word' id='word_1_221' title='bbox 990 3367 1117 3451; x_wconf 81' lang='grc' dir='ltr'><em>θτουτερ</em></span> <span class='ocrx_word' id='word_1_222' title='bbox 1146 3369 1304 3450; x_wconf 86' lang='grc' dir='ltr'><em>ε’γενθμην</em></span> <span class='ocrx_word' id='word_1_223' title='bbox 1337 3386 1470 3459; x_wconf 77' lang='grc' dir='ltr'><em>κατεψη-</em></span> 
     </span>
     <span class='ocr_line' id='line_1_27' title="bbox 293 3473 1471 3563; baseline 0.003 -19"><span class='ocrx_word' id='word_1_224' title='bbox 293 3479 445 3563; x_wconf 77' lang='grc' dir='ltr'><em>φισμένος</em></span> <span class='ocrx_word' id='word_1_225' title='bbox 465 3473 499 3553; x_wconf 74' lang='grc' dir='ltr'><strong>ἦν</strong></span> <span class='ocrx_word' id='word_1_226' title='bbox 523 3501 583 3557; x_wconf 86' lang='grc' dir='ltr'><strong>μον</strong></span> <span class='ocrx_word' id='word_1_227' title='bbox 610 3478 668 3541; x_wconf 84' lang='grc' dir='ltr'><strong>ὑτδ</strong></span> <span class='ocrx_word' id='word_1_228' title='bbox 691 3483 748 3550; x_wconf 78' lang='grc' dir='ltr'><strong>τῆς</strong></span> <span class='ocrx_word' id='word_1_229' title='bbox 774 3475 900 3556; x_wconf 78' lang='grc' dir='ltr'><em>φύσεος</em></span> <span class='ocrx_word' id='word_1_230' title='bbox 926 3475 969 3563; x_wconf 84' lang='grc' dir='ltr'><strong>[ὁ]</strong></span> <span class='ocrx_word' id='word_1_231' title='bbox 995 3474 1145 3549; x_wconf 69' lang='grc' dir='ltr'><em>θοίνατοςι</em></span> <span class='ocrx_word' id='word_1_232' title='bbox 1172 3487 1346 3563; x_wconf 83' lang='lat' dir='ltr'><strong>praeterea</strong></span> <span class='ocrx_word' id='word_1_233' title='bbox 1366 3483 1400 3548; x_wconf 93' lang='lat' dir='ltr'><strong>in</strong></span> <span class='ocrx_word' id='word_1_234' title='bbox 1418 3481 1471 3548; x_wconf 85' lang='lat' dir='ltr'><strong>hoc</strong></span> 
     </span>
     <span class='ocr_line' id='line_1_28' title="bbox 297 3579 1472 3673; baseline -0.003 -23"><span class='ocrx_word' id='word_1_235' title='bbox 297 3585 369 3650; x_wconf 89' lang='lat' dir='ltr'><strong>loco</strong></span> <span class='ocrx_word' id='word_1_236' title='bbox 398 3605 544 3673; x_wconf 79' lang='lat' dir='ltr'><strong>expungo</strong></span> <span class='ocrx_word' id='word_1_237' title='bbox 572 3582 589 3657; x_wconf 75' lang='grc' dir='ltr'><strong><em>ἦ</em></strong></span> <span class='ocrx_word' id='word_1_238' title='bbox 615 3581 649 3645; x_wconf 92' lang='lat' dir='ltr'><strong>in</strong></span> <span class='ocrx_word' id='word_1_239' title='bbox 674 3581 690 3657; x_wconf 79' lang='grc' dir='ltr'><strong><em>ἢ</em></strong></span> <span class='ocrx_word' id='word_1_240' title='bbox 712 3579 782 3662; x_wconf 76' lang='grc' dir='ltr'><em>οἰρτι</em></span> <span class='ocrx_word' id='word_1_241' title='bbox 803 3581 972 3661; x_wconf 82' lang='grc' dir='ltr'><em>δακρύετε,</em></span> <span class='ocrx_word' id='word_1_242' title='bbox 1006 3603 1093 3644; x_wconf 80' lang='lat' dir='ltr'><strong>nunc</strong></span> <span class='ocrx_word' id='word_1_243' title='bbox 1105 3582 1260 3668; x_wconf 74' lang='lat' dir='ltr'><strong>primum</strong></span> <span class='ocrx_word' id='word_1_244' title='bbox 1276 3584 1417 3672; x_wconf 67' lang='lat' dir='ltr'><strong>fletr&#39;o?</strong></span> <span class='ocrx_word' id='word_1_245' title='bbox 1444 3598 1472 3653; x_wconf 86' lang='lat' dir='ltr'><strong>ut</strong></span> 
     </span>
     <span class='ocr_line' id='line_1_29' title="bbox 296 3682 1473 3786; baseline 0.005 -31"><span class='ocrx_word' id='word_1_246' title='bbox 296 3689 367 3771; x_wconf 78' lang='grc' dir='ltr'><em>ἄρτι</em></span> <span class='ocrx_word' id='word_1_247' title='bbox 390 3687 535 3767; x_wconf 71' lang='grc' dir='ltr'><em>μανθάνοι</em></span> <span class='ocrx_word' id='word_1_248' title='bbox 557 3695 589 3750; x_wconf 89' lang='lat' dir='ltr'><strong>et</strong></span> <span class='ocrx_word' id='word_1_249' title='bbox 608 3685 678 3750; x_wconf 88' lang='lat' dir='ltr'><strong>sim.</strong></span> <span class='ocrx_word' id='word_1_250' title='bbox 726 3682 851 3750; x_wconf 83' lang='lat' dir='ltr'><strong>Deinde</strong></span> <span class='ocrx_word' id='word_1_251' title='bbox 870 3684 1004 3775; x_wconf 82' lang='lat' dir='ltr'><strong>requirit</strong></span> <span class='ocrx_word' id='word_1_252' title='bbox 1027 3685 1183 3750; x_wconf 87' lang='lat' dir='ltr'><strong>sententia</strong></span> <span class='ocrx_word' id='word_1_253' title='bbox 1207 3685 1273 3753; x_wconf 87' lang='lat' dir='ltr'><strong>loci</strong></span> <span class='ocrx_word' id='word_1_254' title='bbox 1294 3702 1331 3756; x_wconf 92' lang='lat' dir='ltr'><strong>et</strong></span> <span class='ocrx_word' id='word_1_255' title='bbox 1344 3695 1473 3786; x_wconf 74' lang='lat' dir='ltr'><strong>&#39;opposi-</strong></span> 
     </span>
     <span class='ocr_line' id='line_1_30' title="bbox 297 3789 1473 3882; baseline 0 -23"><span class='ocrx_word' id='word_1_256' title='bbox 297 3794 393 3863; x_wconf 89' lang='lat' dir='ltr'><strong>tionis</strong></span> <span class='ocrx_word' id='word_1_257' title='bbox 415 3793 509 3858; x_wconf 88' lang='lat' dir='ltr'><strong>ratio:</strong></span> <span class='ocrx_word' id='word_1_258' title='bbox 535 3815 640 3856; x_wconf 84' lang='lat' dir='ltr'><strong>nonne</strong></span> <span class='ocrx_word' id='word_1_259' title='bbox 662 3790 785 3854; x_wconf 80' lang='lat' dir='ltr'><strong>dudum</strong></span> <span class='ocrx_word' id='word_1_260' title='bbox 806 3792 983 3868; x_wconf 62' lang='lat' dir='ltr'><strong>sciebatis,</strong></span> <span class='ocrx_word' id='word_1_261' title='bbox 1007 3789 1215 3880; x_wconf 89' lang='lat' dir='ltr'><strong>quamobrem</strong></span> <span class='ocrx_word' id='word_1_262' title='bbox 1236 3815 1299 3882; x_wconf 88' lang='lat' dir='ltr'><strong>pro</strong></span> <span class='ocrx_word' id='word_1_263' title='bbox 1322 3801 1358 3864; x_wconf 82' lang='grc' dir='ltr'><strong>οὐ</strong></span> <span class='ocrx_word' id='word_1_264' title='bbox 1379 3800 1473 3867; x_wconf 66' lang='grc' dir='ltr'><em>πάλαι</em></span> 
     </span>
     <span class='ocr_line' id='line_1_31' title="bbox 296 3891 1476 3976; baseline 0.002 -9"><span class='ocrx_word' id='word_1_265' title='bbox 296 3903 346 3970; x_wconf 80' lang='grc' dir='ltr'><strong>ἰςε</strong></span> <span class='ocrx_word' id='word_1_266' title='bbox 366 3894 543 3964; x_wconf 80' lang='lat' dir='ltr'><strong>revocanda</strong></span> <span class='ocrx_word' id='word_1_267' title='bbox 563 3907 610 3961; x_wconf 88' lang='lat' dir='ltr'><strong>est</strong></span> <span class='ocrx_word' id='word_1_268' title='bbox 631 3906 719 3959; x_wconf 89' lang='lat' dir='ltr'><strong>retus</strong></span> <span class='ocrx_word' id='word_1_269' title='bbox 741 3894 847 3959; x_wconf 84' lang='lat' dir='ltr'><strong>Attica</strong></span> <span class='ocrx_word' id='word_1_270' title='bbox 869 3895 971 3960; x_wconf 89' lang='lat' dir='ltr'><strong>lorma</strong></span> <span class='ocrx_word' id='word_1_271' title='bbox 992 3891 1059 3976; x_wconf 72' lang='lat' dir='ltr'><strong>rire.</strong></span> <span class='ocrx_word' id='word_1_272' title='bbox 1108 3893 1325 3967; x_wconf 73' lang='lat' dir='ltr'><strong>Athenienses</strong></span> <span class='ocrx_word' id='word_1_273' title='bbox 1348 3904 1427 3973; x_wconf 88' lang='lat' dir='ltr'><strong>olim</strong></span> <span class='ocrx_word' id='word_1_274' title='bbox 1446 3916 1476 3971; x_wconf 92' lang='lat' dir='ltr'><strong>ut</strong></span> 
     </span>
     <span class='ocr_line' id='line_1_32' title="bbox 297 3997 1476 4083; baseline 0.004 -13"><span class='ocrx_word' id='word_1_275' title='bbox 297 4007 407 4083; x_wconf 87' lang='grc' dir='ltr'><em>ἰσμεν,</em></span> <span class='ocrx_word' id='word_1_276' title='bbox 432 4004 481 4071; x_wconf 84' lang='grc' dir='ltr'><strong>ἰςε</strong></span> <span class='ocrx_word' id='word_1_277' title='bbox 506 4013 537 4066; x_wconf 91' lang='lat' dir='ltr'><strong>et</strong></span> <span class='ocrx_word' id='word_1_278' title='bbox 558 4001 679 4071; x_wconf 86' lang='grc' dir='ltr'><em>ἰσασιν,</em></span> <span class='ocrx_word' id='word_1_279' title='bbox 699 3999 743 4063; x_wconf 87' lang='lat' dir='ltr'><strong>ita</strong></span> <span class='ocrx_word' id='word_1_280' title='bbox 762 3998 877 4080; x_wconf 74' lang='grc' dir='ltr'><em>ᾖσμεν,</em></span> <span class='ocrx_word' id='word_1_281' title='bbox 903 3998 958 4081; x_wconf 71' lang='grc' dir='ltr'><strong>ᾖτε</strong></span> <span class='ocrx_word' id='word_1_282' title='bbox 983 4010 1015 4063; x_wconf 91' lang='lat' dir='ltr'><strong>et</strong></span> <span class='ocrx_word' id='word_1_283' title='bbox 1035 3997 1114 4081; x_wconf 70' lang='grc' dir='ltr'><em>ᾖσαν</em></span> <span class='ocrx_word' id='word_1_284' title='bbox 1143 4001 1291 4071; x_wconf 84' lang='lat' dir='ltr'><strong>solebant</strong></span> <span class='ocrx_word' id='word_1_285' title='bbox 1320 4007 1432 4078; x_wconf 87' lang='lat' dir='ltr'><strong>dicere</strong></span> <span class='ocrx_word' id='word_1_286' title='bbox 1449 4021 1476 4077; x_wconf 87' lang='lat' dir='ltr'><strong>ct</strong></span> 
     </span>
     <span class='ocr_line' id='line_1_33' title="bbox 299 4103 1476 4189; baseline 0.011 -15"><span class='ocrx_word' id='word_1_287' title='bbox 299 4118 474 4189; x_wconf 72' lang='grc' dir='ltr'><em>συνησμεν,</em></span> <span class='ocrx_word' id='word_1_288' title='bbox 500 4112 612 4185; x_wconf 70' lang='grc' dir='ltr'><em>σννηςε</em></span> <span class='ocrx_word' id='word_1_289' title='bbox 633 4113 666 4166; x_wconf 89' lang='lat' dir='ltr'><strong>et</strong></span> <span class='ocrx_word' id='word_1_290' title='bbox 684 4112 832 4185; x_wconf 70' lang='grc' dir='ltr'><em>συνῇσαν.</em></span> <span class='ocrx_word' id='word_1_291' title='bbox 881 4103 946 4169; x_wconf 85' lang='lat' dir='ltr'><strong>llas</strong></span> <span class='ocrx_word' id='word_1_292' title='bbox 974 4103 1092 4171; x_wconf 83' lang='lat' dir='ltr'><strong>formas</strong></span> <span class='ocrx_word' id='word_1_293' title='bbox 1117 4107 1239 4174; x_wconf 88' lang='lat' dir='ltr'><strong>scribae</strong></span> <span class='ocrx_word' id='word_1_294' title='bbox 1265 4114 1427 4184; x_wconf 84' lang='lat' dir='ltr'><strong>radicitus</strong></span> <span class='ocrx_word' id='word_1_295' title='bbox 1445 4140 1476 4185; x_wconf 79' lang='lat' dir='ltr'><strong>et</strong></span> 
     </span>
     <span class='ocr_line' id='line_1_34' title="bbox 302 4207 1479 4301; baseline 0.008 -27"><span class='ocrx_word' id='word_1_296' title='bbox 302 4213 451 4277; x_wconf 80' lang='lat' dir='ltr'><strong>Veterum</strong></span> <span class='ocrx_word' id='word_1_297' title='bbox 472 4207 595 4298; x_wconf 92' lang='lat' dir='ltr'><strong>scriptis</strong></span> <span class='ocrx_word' id='word_1_298' title='bbox 612 4207 826 4297; x_wconf 78' lang='lat' dir='ltr'><strong>extirparent,</strong></span> <span class='ocrx_word' id='word_1_299' title='bbox 843 4219 880 4272; x_wconf 90' lang='lat' dir='ltr'><strong>ut</strong></span> <span class='ocrx_word' id='word_1_300' title='bbox 896 4211 1007 4275; x_wconf 84' lang='lat' dir='ltr'><strong>nullus</strong></span> <span class='ocrx_word' id='word_1_301' title='bbox 1026 4212 1161 4301; x_wconf 89' lang='lat' dir='ltr'><strong>supersit</strong></span> <span class='ocrx_word' id='word_1_302' title='bbox 1177 4213 1285 4294; x_wconf 89' lang='lat' dir='ltr'><strong>locus,</strong></span> <span class='ocrx_word' id='word_1_303' title='bbox 1305 4220 1369 4288; x_wconf 87' lang='lat' dir='ltr'><strong>ubi</strong></span> <span class='ocrx_word' id='word_1_304' title='bbox 1387 4223 1479 4291; x_wconf 78' lang='lat' dir='ltr'><strong>nostri</strong></span> 
     </span>
     <span class='ocr_line' id='line_1_35' title="bbox 302 4314 1478 4403; baseline 0.005 -21"><span class='ocrx_word' id='word_1_305' title='bbox 302 4316 437 4386; x_wconf 79' lang='lat' dir='ltr'><strong>Codices</strong></span> <span class='ocrx_word' id='word_1_306' title='bbox 466 4314 521 4381; x_wconf 85' lang='lat' dir='ltr'><strong>has</strong></span> <span class='ocrx_word' id='word_1_307' title='bbox 552 4316 689 4380; x_wconf 86' lang='lat' dir='ltr'><strong>sinceras</strong></span> <span class='ocrx_word' id='word_1_308' title='bbox 715 4314 887 4403; x_wconf 88' lang='lat' dir='ltr'><strong>scripturas</strong></span> <span class='ocrx_word' id='word_1_309' title='bbox 907 4315 1042 4381; x_wconf 89' lang='lat' dir='ltr'><strong>intactas</strong></span> <span class='ocrx_word' id='word_1_310' title='bbox 1061 4330 1198 4386; x_wconf 89' lang='lat' dir='ltr'><strong>serrant.</strong></span> <span class='ocrx_word' id='word_1_311' title='bbox 1242 4319 1281 4386; x_wconf 91' lang='lat' dir='ltr'><strong>In</strong></span> <span class='ocrx_word' id='word_1_312' title='bbox 1310 4323 1478 4394; x_wconf 58' lang='lat' dir='ltr'><strong>Poetarum</strong></span> 
     </span>
     <span class='ocr_line' id='line_1_36' title="bbox 300 4420 1479 4512; baseline 0.008 -19"><span class='ocrx_word' id='word_1_313' title='bbox 300 4425 380 4493; x_wconf 90' lang='lat' dir='ltr'><strong>locis</strong></span> <span class='ocrx_word' id='word_1_314' title='bbox 409 4423 495 4488; x_wconf 82' lang='lat' dir='ltr'><strong>fraus</strong></span> <span class='ocrx_word' id='word_1_315' title='bbox 523 4421 721 4512; x_wconf 88' lang='lat' dir='ltr'><strong>deprehensa</strong></span> <span class='ocrx_word' id='word_1_316' title='bbox 747 4433 794 4486; x_wconf 90' lang='lat' dir='ltr'><strong>est</strong></span> <span class='ocrx_word' id='word_1_317' title='bbox 821 4434 854 4486; x_wconf 90' lang='lat' dir='ltr'><strong>et</strong></span> <span class='ocrx_word' id='word_1_318' title='bbox 879 4420 1166 4489; x_wconf 86' lang='lat' dir='ltr'><strong>Grammaticorum</strong></span> <span class='ocrx_word' id='word_1_319' title='bbox 1186 4426 1377 4498; x_wconf 86' lang='lat' dir='ltr'><strong>testimonia</strong></span> <span class='ocrx_word' id='word_1_320' title='bbox 1399 4457 1479 4500; x_wconf 78' lang='lat' dir='ltr'><strong>veras</strong></span> 
     </span>
     <span class='ocr_line' id='line_1_37' title="bbox 300 4528 1480 4627; baseline 0.001 -27"><span class='ocrx_word' id='word_1_321' title='bbox 300 4532 456 4600; x_wconf 86' lang='lat' dir='ltr'><strong>lectiones</strong></span> <span class='ocrx_word' id='word_1_322' title='bbox 471 4529 663 4595; x_wconf 85' lang='lat' dir='ltr'><strong>serrantium</strong></span> <span class='ocrx_word' id='word_1_323' title='bbox 680 4549 746 4592; x_wconf 88' lang='lat' dir='ltr'><strong>rem</strong></span> <span class='ocrx_word' id='word_1_324' title='bbox 763 4528 950 4594; x_wconf 87' lang='lat' dir='ltr'><strong>conficiunt.</strong></span> <span class='ocrx_word' id='word_1_325' title='bbox 976 4528 1153 4618; x_wconf 87' lang='lat' dir='ltr'><strong>Proponam</strong></span> <span class='ocrx_word' id='word_1_326' title='bbox 1167 4534 1314 4622; x_wconf 80' lang='lat' dir='ltr'><strong>exemplu</strong></span> <span class='ocrx_word' id='word_1_327' title='bbox 1327 4539 1480 4627; x_wconf 74' lang='lat' dir='ltr'><strong>quaedam</strong></span> 
     </span>
     <span class='ocr_line' id='line_1_38' title="bbox 303 4632 1540 4723; baseline 0.003 -17"><span class='ocrx_word' id='word_1_328' title='bbox 303 4639 512 4706; x_wconf 81' lang='lat' dir='ltr'><strong>aPrrnsoro</strong></span> <span class='ocrx_word' id='word_1_329' title='bbox 543 4632 582 4698; x_wconf 87' lang='lat' dir='ltr'><strong>ad</strong></span> <span class='ocrx_word' id='word_1_330' title='bbox 613 4633 758 4701; x_wconf 84' lang='lat' dir='ltr'><strong>llonmn.</strong></span> <span class='ocrx_word' id='word_1_331' title='bbox 783 4658 815 4723; x_wconf 88' lang='lat' dir='ltr'><strong>p.</strong></span> <span class='ocrx_word' id='word_1_332' title='bbox 841 4639 904 4701; x_wconf 85' lang='lat'><strong>174</strong></span> <span class='ocrx_word' id='word_1_333' title='bbox 930 4634 1107 4703; x_wconf 85' lang='lat' dir='ltr'><strong>emendata.</strong></span> <span class='ocrx_word' id='word_1_334' title='bbox 1155 4636 1193 4702; x_wconf 89' lang='lat' dir='ltr'><strong>ln</strong></span> <span class='ocrx_word' id='word_1_335' title='bbox 1214 4638 1398 4714; x_wconf 65' lang='lat' dir='ltr'><strong>uuinton</strong></span> <span class='ocrx_word' id='word_1_336' title='bbox 1416 4646 1480 4713; x_wconf 84' lang='lat' dir='ltr'><strong>Ile-</strong></span> <span class='ocrx_word' id='word_1_337' title='bbox 1536 4658 1540 4677; x_wconf 84' lang='lat'>&#39;</span> 
     </span>
     <span class='ocr_line' id='line_1_39' title="bbox 304 4739 942 4830; baseline -0.006 -20"><span class='ocrx_word' id='word_1_338' title='bbox 304 4745 386 4810; x_wconf 85' lang='grc' dir='ltr'><em>οαθα</em></span> <span class='ocrx_word' id='word_1_339' title='bbox 410 4766 453 4811; x_wconf 87' lang='lat' dir='ltr'><strong>rs.</strong></span> <span class='ocrx_word' id='word_1_340' title='bbox 480 4743 566 4809; x_wconf 86' lang='grc'><strong>1119</strong></span> <span class='ocrx_word' id='word_1_341' title='bbox 590 4762 677 4806; x_wconf 90' lang='lat' dir='ltr'><strong>nunc</strong></span> <span class='ocrx_word' id='word_1_342' title='bbox 700 4751 786 4807; x_wconf 87' lang='lat' dir='ltr'><strong>recte</strong></span> <span class='ocrx_word' id='word_1_343' title='bbox 810 4739 942 4830; x_wconf 80' lang='lat' dir='ltr'><strong>legitur:</strong></span> 
     </span>
    </p>
   </div>
   <div class='ocr_carea' id='block_1_3' title="bbox 0 0 1675 5750">
    <p class='ocr_par' dir='ltr' id='par_1_7' title="bbox 0 0 1675 5750">
     <span class='ocr_line' id='line_1_40' title="bbox 0 0 1675 5750; baseline 0 0"><span class='ocrx_word' id='word_1_344' title='bbox 0 0 1675 5750; x_wconf 95' lang='lat' dir='ltr'><strong> </strong></span> 
     </span>
    </p>
   </div>
  </div>
 </body>
</html>
