3309 5750
731 659 796 723 317

171 854 295 921 nieuses
323 863 359 918 ut
379 874 415 919 er
435 851 577 928 έςκκέναι
600 849 720 929 ἑςύξειν
741 850 786 915 sio
806 872 844 918 ex
865 853 978 919 είκέναι
1001 854 1145 921 futurum
1165 857 1255 938 εἴξειν
1274 859 1342 925 for·
1362 912 1365 918 .

168 960 319 1038 mebant,
343 971 379 1024 ut
401 960 435 1024 in
457 959 607 1026 Nubibus
630 980 674 1023 rs.
702 959 802 1022 10012

212 1074 278 1137 τοῖς
302 1063 524 1145 Ἱπποκράτους
548 1064 643 1128 υἱέσιν
666 1062 758 1140 εἴξεις
783 1065 839 1129 καί
860 1090 896 1130 σε
920 1070 1051 1130 καλοῦσι
1070 1056 1342 1147 βλιτομοίμμιιν.ι

166 1168 201 1234 id
222 1182 287 1247 est,
307 1181 342 1233 ut
363 1168 510 1234 Graeculi
528 1166 763 1258 loquebantur,
780 1171 881 1243 ἐοικὼς
897 1168 962 1252 ἔσρ.
983 1192 1047 1236 nou
1065 1171 1196 1237 aliunde
1214 1174 1351 1251 εἴσομαι·

166 1275 340 1342 formatum
370 1287 417 1340 est
443 1298 541 1365 quam
572 1285 620 1338 est
649 1273 776 1348 εἰδέναι,
812 1285 848 1338 ut
869 1274 1061 1355 κεκράξομαι
1082 1300 1120 1342 ex
1138 1278 1337 1359 κεκραγέναι.

168 1384 185 1466 §
211 1385 264 1447 86.
294 1382 589 1461 μεταμφιάσομαι,
616 1390 735 1443 veteres
754 1384 1003 1462 μεταμφιούμαι
1023 1393 1055 1445 et
1075 1383 1109 1446 in
1128 1383 1193 1447 fine
1212 1384 1337 1463 περιενέ-

165 1510 262 1566 σομαι
297 1509 335 1552 ex
359 1486 469 1575 inepta
496 1490 555 1549 τῶν
584 1486 708 1549 ἰδιωτῶν
739 1483 883 1567 συννύείρ
903 1483 1025 1550 dietum
1046 1499 1094 1552 est
1111 1510 1171 1577 pro
1194 1489 1336 1565 ουέίούο,

165 1591 252 1680 quod
277 1590 451 1657 ridiculum
472 1590 586 1656 vitium
607 1590 684 1654 scite
702 1589 873 1677 castigatur
893 1594 952 1668 76,
971 1596 991 1655 5
1013 1590 1113 1657 ἄλλον
1134 1594 1166 1657 δὲ
1185 1592 1336 1665 εἰπόντος·

165 1697 307 1778 περιέςκν
332 1698 426 1762 αὐτὸν
449 1694 508 1764 ὥτε
530 1680 656 1774 λαθεῖν,
688 1696 868 1774 ύαυμαςὸν,
899 1694 981 1777 ἔφη,
1010 1698 1036 1761 εί
1062 1694 1106 1770 είς
1132 1698 1170 1761 ὢν
1194 1697 1338 1779 περιὲςκς
1410 1775 1421 1788 ⁸

164 1801 216 1865 τὸν
247 1800 319 1877 ἕνα,
352 1824 389 1866 er
419 1823 483 1891 quo
510 1798 655 1890 exemplu
683 1800 756 1864 satis
774 1812 906 1890 apparet
929 1800 1018 1866 illam
1037 1803 1187 1892 autiquae
1206 1802 1334 1891 linguae

165 1907 331 1971 sanitatem
361 1929 488 1996 prorsus
515 1906 654 1996 periisse.
685 1909 744 1984 22,
780 1909 821 1970 10
852 1907 907 1971 σὺν
934 1907 1029 1971 ούδενὶ
1056 1906 1180 1989 κύσμςο,
1215 1918 1335 1973 veteres

163 2011 272 2076 ούδένα
299 2011 425 2091 κόσμον.
451 2017 468 2100 §
493 2014 532 2075 12
560 2010 723 2088 δεικνύειν,
749 2010 894 2083 δεικνύω,
918 2012 1018 2090 ὀμνύω
1040 2022 1073 2075 et
1096 2012 1167 2079 sim.
1188 2013 1334 2103 sequiora

163 2129 236 2182 sunt
253 2129 286 2182 et
305 2118 364 2183 sub
384 2120 561 2183 Musarum
579 2127 716 2181 aetatem
737 2116 1008 2206 propullularunt.
1053 2116 1138 2183 Nota
1159 2132 1234 2184 suut
1253 2118 1334 2185 haee

165 2221 363 2287 Maritum:

365 2326 525 2408 Γλυκέρα,
550 2328 583 2391 τί
606 2326 736 2401 κλύεις,
761 2329 861 2407 ὀμνύω
885 2352 931 2393 σοι
954 2330 1006 2394 τὸν
1031 2330 1112 2404 Δία,

165 2443 198 2496 et
217 2432 251 2496 in
271 2431 469 2521 fragmento,
487 2432 574 2522 quod
594 2431 745 2522 equidem
762 2438 816 2497 τού
833 2433 972 2507 Κύλακος
992 2457 1059 2499 esse
1074 2435 1232 2526 suspicor,
1249 2440 1333 2530 apud

166 2537 401 2605 Prusiacauu
425 2538 514 2605 Tom.
538 2538 580 2605 ΙΙ.
604 2555 644 2627 p.·
663 2542 738 2604 574.
764 2555 792 2604 c.

593 2646 657 2716 πῶς
682 2645 717 2709 τὸ
741 2648 871 2723 τραῦμα
894 2648 980 2710 τοῦτ’
1004 2645 1107 2726 έχειςς

366 2750 574 2831 μεσαγκύλῳ.
600 2755 664 2822 πῶς
688 2751 762 2831 πρὸς
786 2751 876 2823 ύεῶνς
902 2751 952 2814 ἐπὶ
977 2751 1124 2830 κλίμακα

365 2856 438 2937 πρὸς
462 2862 570 2936 τεῖχος
594 2853 784 2934 ἀναβαίνων.
811 2855 873 2933 ἐγὼ
896 2856 954 2933 μὲν
978 2855 1103 2922 δεικνύω
1167 2904 1169 2909 -

364 2962 582 3036 ἐσπουδακώς,
607 2963 634 3027 ei
657 2963 688 3026 δὲ
713 2958 811 3026 πύλιν
834 2963 1097 3044 ἕπεμυκτιίρισαν.

165 3077 271 3132 narrat
305 3065 384 3132 haee
416 3066 484 3155 ipse
512 3066 630 3145 κόλαξ,
664 3067 678 3130 ὁ
716 3067 906 3148 Στριυύίας,
942 3071 1033 3133 euius
1062 3069 1158 3135 rerba
1187 3072 1249 3149 ἐγὼ
1274 3072 1333 3148 μὲν

163 3171 287 3236 δεικνύω
316 3172 512 3242 ἐσπουδακώς
540 3194 603 3236 non
627 3183 701 3236 suut
720 3170 761 3235 ab
780 3169 959 3263 interprete
977 3174 1161 3254 intellecta,
1186 3175 1242 3265 qui
1264 3197 1334 3240 rer-

163 3277 218 3340 tit:
229 3285 364 3366 promte
382 3278 486 3340 simul
504 3276 642 3341 ostendo
658 3279 797 3341 uulnus:
815 3276 895 3343 dieit
913 3280 1051 3358 δείκνυμι
1072 3277 1118 3344 ύτι
1138 3281 1336 3352 ἐσπούδακα,

164 3387 290 3448 serium
308 3383 433 3446 uultum
451 3383 587 3447 ostendo
605 3384 696 3473 quasi
715 3382 764 3448 his
786 3384 934 3449 omnibus
953 3383 1088 3450 habeam
1108 3385 1223 3462 fidem,
1247 3382 1336 3472 quod

163 3488 338 3555 adulatoris
358 3498 404 3551 est
424 3497 457 3551 et
478 3485 669 3554 dictumest
692 3499 726 3552 ut
747 3487 835 3566 δείξω
858 3489 904 3554 ἔτι
929 3491 984 3572 ζῶν
1005 3490 1170 3554 notissimo
1189 3511 1258 3553 usu.
1287 3488 1334 3552 Er

163 3592 400 3684 antiquioribus
419 3591 478 3656 ista
500 3594 605 3657 omnia
628 3593 818 3659 removenda
840 3607 914 3659 suut
932 3595 1056 3659 iuver-ta
1077 3618 1093 3659 a
1114 3595 1189 3660 seris
1208 3592 1335 3682 nepoti-

163 3701 232 3767 bus.
280 3698 448 3766 Gaeterum
477 3698 629 3764 debuerat
654 3699 810 3766 scriberet
842 3699 888 3775 riu
916 3699 1006 3778 μόνον
1031 3699 1110 3776 ἄξια
1134 3705 1187 3765 τοῦ
1211 3697 1336 3780 ύεύτρου

164 3808 406 3884 έπιδείκνυσύαι,
429 3805 514 3871 male
535 3806 689 3897 interpres
711 3808 816 3896 digna
838 3807 988 3880 theatro,
1012 3805 1108 3870 etiam
1129 3804 1182 3870 hie
1201 3804 1236 3867 rb
1263 3801 1336 3866 ύειί·

161 3937 231 3994 τρον
261 3910 394 4001 ponitur
420 3934 479 3999 pro
499 3913 525 3977 oi
547 3911 668 3977 ύεαταί.
717 3911 754 3977 ln
780 3917 840 3987 23,
864 3915 884 3976 2
907 3911 1017 4001 paucis
1038 3911 1142 3976 verbis
1162 3907 1336 3976 interiectis

162 4016 379 4086 ἐπαινέσονται
415 4029 447 4079 et
477 4017 672 4084 ἐπαινέσουσι
703 4018 819 4109 posuit.
877 4017 914 4082 lii
945 4040 983 4082 eo
1016 4039 1075 4082 usu
1109 4015 1209 4081 futuri
1237 4012 1336 4079 medii

163 4119 339 4190 identidem
369 4120 496 4210 longius
526 4144 543 4186 a
575 4124 734 4190 veteribus
764 4123 945 4207 discedunt
988 4122 1056 4188 Iam
1079 4135 1204 4188 mature
1220 4142 1337 4210 coepe·

163 4239 240 4293 runt
265 4225 418 4292 ἐπαινέσω
448 4226 553 4292 dicere
574 4215 606 4291 et
620 4217 812 4308 ε’νκωμιιίσω
835 4241 867 4295 et
885 4229 1027 4307 ύγνοιίσω
1053 4240 1085 4294 et
1109 4227 1335 4293 ἀπολαύσωσι

163 4333 244 4411 alia,
279 4332 407 4398 taudem
439 4355 478 4399 eo
508 4342 640 4398 ventum
661 4346 726 4412 est,
755 4348 791 4398 ut
815 4334 945 4412 γελοίσω
967 4344 999 4396 et
1018 4333 1139 4398 οὶκούσω
1162 4331 1334 4398 diceretur.

164 4437 352 4503 Videbimus
379 4439 412 4503 iu
439 4452 578 4504 extrema
600 4450 690 4528 parte
716 4438 898 4514 hominem,
922 4437 978 4525 qui
997 4439 1166 4515 διαβαδιῶν
1186 4459 1245 4526 pro
1266 4438 1333 4500 δια-

162 4543 366 4622 βαδιούμενος
385 4547 490 4634 potuit
511 4543 659 4609 scribere.
694 4542 809 4608 Alieno
832 4543 907 4607 vitio
932 4542 1117 4631 inquinatus
1140 4553 1187 4607 est
1207 4541 1333 4604 Lucra-

165 4666 226 4714 rtus
246 4650 289 4710 66
308 4650 367 4725 26,
390 4647 504 4723 ύιδνλον
524 4648 632 4715 ὁπόσον
654 4650 761 4731 χρόνον
782 4649 927 4728 βιώσεις,
954 4648 1010 4712 ubi
1030 4647 1137 4724 βιώσει
1158 4643 1333 4712 emendan-

161 4755 248 4819 dum.
286 4749 333 4817 vlu
354 4757 411 4831 24,
436 4757 456 4818 2
475 4753 521 4822 ἔτι
542 4755 572 4820 δὲ
596 4757 629 4820 ού
652 4757 731 4821 πολὺ
756 4755 818 4820 ύπὸ
841 4757 894 4817 τοῦ
920 4753 1063 4819 Διπύλου
1084 4755 1114 4815 ἐν
1137 4754 1265 4832 ιἰριςερρῖ
1288 4753 1330 4820 είς
