3309 5750
797 650 862 715 269

241 851 329 919 modi
350 848 429 941 quid
451 845 656 914 formandum
673 847 890 912 rnucrnrnrs
911 846 1033 936 aperiet
1048 846 1073 913 1.
1087 851 1119 914 2.
1144 847 1257 924 ἄδηλον
1275 848 1305 913 όν
1321 846 1414 913 όπότε

240 982 287 1030 τις
307 958 442 1022 έπελθθν
461 955 513 1020 καί
537 954 708 1034 οίτειχίςων
731 952 803 1031 όίμα
822 951 915 1017 όντων
938 952 1037 1026 ἄλλος
1055 954 1287 1035 οέφαιρήσετοιι,
1311 954 1413 1019 scribe

239 1063 308 1128 illic
334 1062 485 1143 αφέλοιτο
514 1072 546 1126 et
568 1059 703 1125 ridebis:
728 1059 837 1148 itaque
856 1069 889 1123 et
909 1057 1060 1125 Lucruuc
1079 1059 1222 1141 Φονεθσει
1243 1058 1412 1124 reddamus

242 1191 364 1235 censeo.

287 1275 323 1340 ln
346 1274 528 1340 Rhetorum
551 1274 774 1363 Praeceptore
792 1275 851 1350 51,
868 1275 898 1337 6.
918 1274 943 1337 οί
960 1272 1078 1337 ἔπαινοι
1097 1271 1166 1352 περὶ
1188 1274 1296 1336 πῖισαν
1314 1272 1411 1344 αὐτήν

236 1383 351 1461 Ἔρωσι
391 1388 509 1459 μικροῖς
549 1378 679 1450 ἐοικότες
715 1377 825 1443 πολλοί
862 1376 1087 1457 οὶπανταχόθεν
1120 1377 1411 1457 περιπλεκέσθωσαν

237 1483 453 1561 ἐκπετόμενοι,
489 1505 584 1546 nemo
614 1481 693 1548 baec
724 1481 902 1571 intelligere
922 1493 1044 1573 potest,
1070 1481 1176 1547 multo
1195 1481 1301 1545 minus
1320 1480 1407 1569 quod

240 1601 287 1653 est
308 1588 341 1651 in
361 1585 462 1653 codd.
486 1587 575 1653 lev,
596 1589 889 1670 περιπλεκέσθωσαν
905 1586 1186 1668 προσπλεκόμενοι,
1206 1596 1326 1651 resecto
1336 1610 1410 1675 par·

238 1694 348 1783 ticipio
384 1691 515 1781 legerim
548 1693 772 1774 περιπετέσθων
812 1692 1126 1779 (περιπετέσθωσοιν).
1159 1693 1192 1758 iu
1223 1695 1241 1777 S
1271 1694 1325 1757 20.
1355 1693 1410 1755 οὐκ

240 1797 364 1879 ἔχουσιν
390 1795 470 1870 θπως
494 1799 698 1873 οὶπιςήσονσιν
723 1797 826 1863 scribe
850 1798 1054 1872 οὶπιςήσωσιν.
1078 1831 1082 1839 ·

282 1900 321 1967 ln
343 1903 568 1993 Philopseude
594 1906 653 1980 52,
684 1906 712 1968 1.
737 1904 773 1967 τό
803 1904 916 1984 ψεῦδος
940 1903 1008 1983 περὶ
1036 1908 1155 1966 πολλοῦ
1178 1909 1234 1977 τῆς
1257 1900 1406 1978 οίληθείας

200 2001 202 2004 ’
238 2008 394 2082 τίθενται,
428 2008 495 2073 sine
515 2029 620 2073 sensu.
655 2008 806 2074 Buuurn.
827 2008 884 2088 πρὸ
907 2011 1026 2072 πολλοῦ
1051 2028 1116 2096 quo
1137 2007 1182 2072 nil
1203 2008 1410 2098 proficimus,

238 2112 451 2200 intelligerem
488 2112 556 2193 περὶ
596 2112 735 2184 πλείονος
775 2120 832 2186 τῆς
866 2112 1027 2187 οξληθείας.
1064 2114 1081 2197 §
1111 2116 1143 2178 9.
1173 2117 1276 2194 γραῶν
1301 2116 1407 2191 μῦθοι,

237 2217 352 2281 melius
372 2215 464 2281 θόλοι.
498 2222 515 2304 §
543 2220 595 2281 24.
616 2217 872 2295 ἀντιλεγέτωσαν
897 2213 946 2281 οὖν
972 2216 1035 2292 ἔτι,
1061 2219 1132 2307 lege
1158 2224 1209 2284 νῦν
1230 2218 1286 2283 ἔτι.
1318 2225 1336 2306 ς
1357 2221 1410 2283 27.

237 2321 362 2402 θοίτερον
390 2330 453 2386 τοῖν
480 2321 646 2385 σανδάλοιν
669 2323 702 2385 οὐ
728 2319 991 2398 κατακαύσαιμι,
1016 2324 1138 2411 corrige
1161 2322 1339 2390 σανδαλίοιν
1366 2367 1406 2381 .-

241 2426 560 2505 συγκατακαύσαιμι.

285 2532 322 2596 ln
344 2532 478 2596 Baccho
500 2538 558 2611 54,
580 2536 614 2597 ,1.
633 2531 751 2595 αὐτίκα
774 2529 869 2608 μοίλα
892 2534 1213 2612 συμπατηθησομένου
1236 2537 1261 2599 εί
1280 2516 1410 2599 οίντιτοί-

238 2639 346 2716 ξαιτο,
372 2638 500 2727 requiro
524 2637 732 2715 οίντιτοίξοιτο.
779 2636 943 2725 Frequens
963 2635 1025 2702 boc
1048 2640 1146 2704 estin
1168 2639 1258 2705 libris
1280 2640 1411 2716 vitium,

239 2754 274 2807 ut
301 2742 335 2806 in
365 2742 598 2809 Xurloruorrrls
626 2741 757 2807 Hellen.
786 2739 845 2807 lll.
874 2760 918 2807 lv.
954 2746 1002 2806 15.
1030 2745 1211 2821 γιγνώσκων
1236 2742 1282 2809 ότι
1312 2747 1337 2811 εί
1366 2747 1411 2824 μέν

239 2847 365 2912 ἱππικόν
398 2846 502 2913 ἱκανόν
535 2848 686 2923 κτήσαιτο
721 2847 754 2909 οὐ
786 2846 942 2922 δυνήσοιτο
972 2847 1193 2928 τρατεόεσθαι,
1230 2849 1317 2938 quod
1347 2871 1411 2914 uon

237 2952 343 3017 minus
371 2952 483 3018 vitiose
515 2951 637 3018 dictum
667 2961 713 3016 est
738 2973 837 3040 quarn
857 2953 882 3016 εί
908 2954 953 3029 μη
979 2953 1106 3018 ἱππικὸν
1125 2955 1308 3033 ε’κτησοίμην
1340 2956 1411 3045 (pro

239 3058 411 3144 κτήσομαι)
442 3059 474 3122 οὐ
503 3056 671 3134 δυνήσομαι
697 3056 921 3134 ςροιτεόεσθοιι,
946 3056 1056 3146 itaque
1084 3061 1227 3134 κτήσοιτο
1249 3062 1411 3151 corrigen-

239 3164 330 3230 dum.
370 3165 468 3230 Recte
490 3163 642 3228 Dlnbcur
663 3160 741 3227 ibid.
764 3160 818 3227 VI.
840 3181 883 3227 lv.
907 3165 937 3226 6.
957 3165 1131 3246 ἐλογίζοντο
1156 3168 1195 3239 ὥς
1221 3169 1246 3231 εί
1274 3169 1318 3247 μή
1348 3167 1412 3246 μοί·

240 3291 346 3349 χοιντο
382 3268 586 3343 οίποςήσοιντο
620 3269 652 3331 αἱ
689 3266 814 3338 πόλεις,
846 3268 1026 3334 emendarit
1056 3279 1231 3350 μαχοῖντο,
1262 3283 1294 3337 et
1316 3274 1360 3337 sic
1380 3275 1413 3338 in

226 3372 631 3437 .Au1srorurulsdaibus
653 3374 718 3435 759
743 3370 915 3459 legendum
933 3385 981 3437 est
1002 3370 1068 3452 αἶρε
1090 3382 1245 3454 πλῆκτρον
1264 3377 1289 3441 εί
1307 3387 1417 3458 μαχεῖ

239 3500 299 3568 pro
317 3477 432 3558 μθχει.
463 3475 539 3540 Tam
561 3473 711 3565 proclivis
731 3473 783 3539 bic
804 3497 892 3540 error
911 3488 973 3555 est,
990 3488 1025 3540 ut
1045 3477 1077 3541 in
1099 3476 1272 3544 lsccurrrs
1286 3481 1413 3572 Trape-

239 3587 340 3648 zilr'eo
361 3585 378 3667 §
401 3585 431 3646 9.
451 3580 578 3662 νομίζων
604 3581 630 3644 εί
650 3581 889 3644 είσπλευσαί
896 3605 969 3658 μην
992 3582 1213 3646 ἀποθανεῖσθαι
1233 3586 1416 3677 scripserint

240 3711 299 3778 pro
319 3684 580 3761 εἰσπλευσοίμην,
604 3681 686 3747 nihil
700 3696 849 3749 curantes
866 3685 1037 3750 immanem
1055 3685 1302 3769 barbarismum,
1320 3716 1416 3783 quern

243 3792 374 3859 tandem
403 3791 553 3858 Urbinas
579 3790 711 3880 expulit.
759 3789 842 3857 lbid.
863 3795 882 3877 §
904 3797 956 3858 24.
976 3793 1086 3870 ἔλεγεν
1109 3794 1148 3863 ὡς
1174 3794 1281 3873 όλίγου
1305 3799 1416 3879 χρόνου

241 3899 426 3979 πειροίσαιτο
459 3896 502 3961 τόι
530 3897 674 3976 χρήματ’
699 3897 884 3970 ἀποδοῦναι,
911 3909 942 3961 et
965 3895 1155 3963 sententiam
1181 3896 1245 3962 loci
1264 3913 1296 3966 et
1319 3902 1417 3968 Grae-

202 4052 209 4064 .
244 4004 349 4070 citatis
382 4024 474 4067 usum
502 4001 602 4066 violat
633 4000 816 4081 πειροίσαιτο
850 4025 908 4092 pro
936 4002 1111 4083 πειραθείη,
1138 4003 1259 4093 optime
1282 4006 1418 4075 Βουλίοις

243 4107 431 4190 πειριίσοιτο.
482 4104 519 4169 ln
552 4107 777 4171 Auruncum
804 4109 947 4173 oratione
975 4109 1017 4172 de
1041 4109 1142 4173 caede
1160 4111 1305 4177 Herodes
1326 4120 1343 4202 §
1364 4120 1417 4188 50.

242 4213 378 4290 η’πίςατο
403 4206 448 4274 ότι
474 4209 546 4273 τότε
572 4210 730 4274 παύσαιτο
758 4213 984 4292 ςρεβλοθμενος
1012 4213 1105 4277 ὁπότε
1129 4214 1208 4279 είποι
1232 4218 1274 4281 τα
1298 4220 1417 4293 τούτοις

244 4320 408 4395 δοκοῦντα,
429 4311 652 4379 constituenda
669 4306 714 4377 sic
731 4326 777 4377 est
796 4318 967 4395 sententia,
986 4329 1022 4381 ut
1041 4317 1199 4383 scribatur
1215 4321 1420 4388 παύσοντο-

243 4421 360 4487 όπόταν
387 4420 469 4503 είπη.
520 4416 740 4484 Barbarismus
761 4420 860 4484 estin
882 4419 1058 4487 Srnsuour
1079 4423 1146 4488 XV.
1166 4448 1198 4514 p.
1218 4428 1284 4493 718
1301 4429 1421 4492 οίποθοι-

244 4527 298 4590 νόιν
325 4526 356 4589 δὲ
381 4524 610 4602 οίποιλλοίξαιτο
637 4532 693 4598 τῆς
712 4527 952 4605 τετρυχωμένης
978 4528 1042 4592 cirri
1064 4529 1163 4608 γήρως
1190 4530 1322 4610 σαρκός,
1346 4554 1420 4595 nam

245 4631 416 4695 barbarum
436 4640 483 4693 est
505 4629 747 4710 οίπηλλαξοίμην
772 4654 832 4720 pro
855 4631 1063 4710 οὶπηλλοίγην.
1101 4634 1244 4700 Emeuda
1266 4636 1420 4700 οίποιλλοί-

243 4735 325 4814 ξοιτο
350 4745 388 4830 et
407 4735 477 4799 ὑπὸ
502 4737 612 4816 γήρως.
705 4725 727 4731 ”
