3309 5750
779 707 797 768 5

191 881 393 949 doctissimos
406 882 492 946 viros
504 879 565 945 din.
578 877 738 956 luserint,
762 878 887 964 etquid
905 879 945 943 iis
964 875 1080 955 iacias,
1103 881 1160 966 qni
1177 881 1264 968 apud
1289 884 1384 952 Sam·

189 1007 285 1053 nonnn
310 987 364 1052 111.
388 1009 420 1074 p.
447 990 521 1053 tun.
543 987 596 1061 etp
618 982 804 1051 ῶντθπλοιαν
826 982 974 1049 dederint
998 1003 1054 1068 pro
1076 986 1297 1067 ῶντιποθθειαν,
1322 1000 1381 1058 aut

188 1092 223 1156 in
244 1093 406 1158 Anrrnnrnr
431 1091 517 1157 dicto
548 1088 633 1176 apud
664 1088 752 1154 Sroe.
774 1088 887 1153 uteru.
913 1088 1004 1155 CXX.
1028 1092 1069 1154 θῶ
1093 1092 1148 1167 τὴν
1177 1096 1212 1159 ἐκ
1236 1095 1380 1171 Κιλικίας

189 1199 274 1279 αὐτῷ
294 1197 460 1276 γενομένην
484 1198 526 1270 οἷς
550 1197 682 1272 Ἀθήνας
703 1193 920 1260 εὐπάθειαν
943 1214 1002 1280 pro
1024 1193 1183 1265 εὔπλοιαν.
1231 1201 1384 1287 Arguunt

189 1300 224 1365 hi
242 1300 323 1380 loci,
347 1302 431 1389 qnod
454 1302 618 1367 innumeri
645 1299 700 1366 aiii
725 1298 940 1375 confirmant,
975 1301 1009 1364 in
1038 1304 1175 1367 vetustis
1196 1302 1287 1370 libris
1311 1316 1385 1373 En·

188 1417 355 1475 ΠΑΘΙΑΝ
380 1415 412 1473 et
436 1414 712 1475 ΑΝΤΙΠΑΘΙΛΝ
741 1403 839 1471 scribi
862 1402 964 1469 solere
988 1424 1045 1490 pro
1069 1430 1171 1484 ·εινιν,
1191 1428 1291 1493 quare
1319 1431 1382 1477 non

190 1520 240 1579 est
269 1511 519 1598 trepidandum,
548 1512 576 1576 si
599 1510 727 1595 qnando
750 1509 927 1596 perveneris
962 1509 1144 1596 scripturae
1170 1515 1307 1599 vestigia
1342 1517 1385 1582 ri·

191 1616 307 1693 meris,
339 1636 440 1702 qnnm
462 1641 471 1682 ι
494 1615 597 1681 solum
616 1622 765 1702 apparet,
790 1614 845 1682 ubi
865 1640 890 1681 ει
920 1616 1071 1681 Graccum
1093 1624 1152 1682 est.
1200 1618 1305 1685 Prosit
1325 1619 1386 1687 hoc

190 1718 320 1797 ursae,
350 1721 436 1806 apud
462 1741 558 1807 quem
584 1741 671 1786 nnnc
699 1720 781 1785 Oret.
812 1719 867 1786 lx.
893 1718 917 1807 S
946 1724 964 1785 λ
1001 1740 1076 1786 rcus
1100 1720 1147 1786 sic
1173 1722 1213 1787 ad
1247 1723 1384 1792 iudices:

192 1826 218 1890 ei
241 1825 345 1903 μέντοι
371 1828 454 1904 ὑμῶς
478 1825 590 1893 οἴονται
622 1827 660 1892 δι’
692 1826 842 1891 εθνοιαν
867 1826 925 1891 ὑπὸ
949 1832 1007 1891 τῶν
1030 1827 1183 1905 διαβολῶν
1201 1829 1384 1905 πεισθέντος

191 1931 466 2013 καταψηφιεῖσθαί
485 1956 545 2011 μου
565 1935 619 1999 οὐκ
648 1929 688 1997 θον
707 1929 931 2010 θανμιθπαιμι,
954 1931 1083 2017 inepte,
1107 1940 1143 1996 ut
1169 1932 1248 2000 nihil
1273 1955 1385 2021 supra.

189 2034 313 2099 Novum
338 2044 386 2101 est
410 2035 468 2102 hoc
492 2037 609 2111 εὐνοίας
628 2056 751 2124 genus,
783 2055 847 2121 qna
875 2035 970 2101 index
994 2037 1197 2134 innocentem
1221 2040 1385 2125 opprimit.

189 2139 317 2225 Reponc
337 2142 496 2220 εὐήθειαν,
522 2141 608 2227 qnod
637 2151 831 2208 ΕΤΗΘΙΑΝ
860 2143 1017 2227 scriptum
1044 2144 1167 2227 peperit
1188 2142 1328 2210 ioculare
1349 2144 1386 2210 il·

189 2242 245 2311 lnd
275 2244 403 2311 εὔνοιαν.
450 2248 569 2324 Editor
601 2254 634 2314 et
669 2248 792 2323 εὐήθεια
815 2246 848 2310 in
877 2265 913 2311 ca
945 2266 980 2311 rc
1010 2248 1088 2312 trita
1112 2255 1210 2322 sunt,
1241 2247 1286 2314 Gi.
1312 2249 1385 2318 Lvs.

189 2349 258 2416 XII.
292 2354 393 2439 §87-
441 2350 683 2418 Eiusdemmodi
715 2349 882 2436 complura
905 2348 997 2416 iaciie
1028 2359 1076 2418 est
1110 2372 1148 2417 cx
1178 2352 1307 2421 assidua
1331 2354 1384 2420 oh·

188 2455 369 2520 servatione
390 2453 537 2520 codicum
558 2455 727 2541 colligere,
754 2455 872 2541 qnibns
893 2456 978 2521 inest
1002 2476 1039 2521 ea
1063 2455 1279 2535 τειθανιθγκν,
1301 2479 1385 2544 qnae

188 2566 295 2625 certas
315 2558 555 2627 emendationes
573 2560 612 2626 ab
633 2561 764 2625 incertis
786 2558 1040 2625 correctionibus
1062 2560 1244 2645 distinguit.
1269 2563 1385 2629 Emen-

189 2663 278 2730 davit
297 2684 402 2749 nuper
426 2664 682 2749 pulcherrimum
702 2665 850 2731 Petronis
871 2666 902 2729 in
924 2663 1098 2751 Protopore
1120 2666 1225 2730 iocum
1248 2665 1385 2733 Cenocns

189 2771 336 2845 Benene,
360 2770 416 2854 qvvi
447 2790 541 2836 verae
571 2770 703 2837 criticae
738 2767 866 2834 landem
901 2769 986 2854 apud
1013 2770 1183 2856 populares
1218 2791 1293 2836 snos
1316 2771 1384 2838 vin·

189 2878 277 2944 dicet
308 2885 340 2942 et
364 2883 477 2944 tuetur
507 2876 554 2964 (in
578 2873 721 2961 Proesot.
744 2875 786 2939 od
813 2873 896 2943 Plet.
921 2873 1102 2941 Pirccdrnm
1124 2898 1154 2963 p.
1176 2875 1242 2964 rx),
1265 2878 1322 2943 sed
1342 2876 1387 2946 le·

189 2985 237 3049 vis
258 3002 369 3058 error,
389 2982 423 3047 in
436 2999 531 3066 quem
557 2978 742 3065 implicatus
763 2987 830 3057 est,
857 2984 912 3057 riv
933 2981 1096 3063 ε’νθρνειαν
1121 2982 1263 3049 snstniit.
1311 2984 1387 3050 Pm-

187 3107 274 3154 nonrs
305 3086 402 3152 verba
434 3085 565 3151 suntin
596 3084 793 3151 Peorneonre
827 3087 1018 3152 suavissima
1051 3085 1158 3153 fairnin
1191 3109 1220 3174 p.
1246 3091 1322 3152 ὅθι.
1348 3089 1387 3155 Α.

188 3195 264 3276 πρὸς
300 3193 359 3266 τας
387 3194 422 3258 ἐκ
453 3192 525 3264 Διὸς
558 3189 635 3271 ἶν’ρας
669 3189 837 3272 εὐμοθρειαν
869 3192 1056 3272 ἐμνχανῶτο
1093 3194 1267 3277 αμφιεννὺς
1301 3194 1388 3260 αὐτθι

187 3306 320 3372 πυκναῖς
341 3323 376 3363 τε
399 3295 472 3380 θριξὶ
494 3296 547 3363 καὶ
576 3303 687 3378 ςερεοῖς
709 3296 855 3378 δέρμασιν
880 3298 995 3369 ἱκανοῖς
1019 3298 1077 3376 μὲν
1098 3300 1217 3377 οὶμῶναι
1240 3304 1385 3379 χειμῶνα

185 3406 326 3476 δυνατοῖς
354 3403 386 3468 δὲ
419 3402 471 3467 καὶ
497 3402 650 3478 καθματα
673 3401 725 3465 καὶ
755 3402 797 3474 εἷς
822 3400 913 3473 εθνθις
939 3403 1032 3467 ἰοῦσιν
1063 3399 1143 3475 ὅπως
1171 3401 1307 3486 ὑπάρχοι
1339 3402 1383 3470 τὰ

188 3510 275 3577 αὐτοὶ
296 3513 405 3573 ταῦτα
432 3507 555 3588 ςριομνῖς
577 3504 674 3572 οἰκεῖα
700 3529 736 3569 τε
760 3505 812 3569 καὶ
843 3506 1003 3585 αὐτοφυὴς
1022 3502 1123 3587 ἑκοθςῳ
1146 3506 1198 3571 καῖ
1225 3508 1296 3571 ὑπὸ
1319 3531 1385 3571 πο·

186 3619 254 3684 δῶν
273 3613 317 3682 τθι
336 3613 394 3692 μὲν
417 3612 532 3684 ὁπλαῖς
552 3609 596 3679 rei
627 3609 657 3675 δὲ
681 3607 755 3690 θριξὶ
780 3607 833 3672 καὶ
860 3609 988 3689 δέρμασι
1018 3617 1129 3690 ςερεοῖς
1149 3609 1200 3677 καὶ
1224 3611 1381 3688 ἀναίμοις.

186 3723 222 3789 in
248 3719 299 3785 his
322 3719 381 3785 ὑπὸ
402 3717 500 3784 ποδῶν
524 3721 677 3800 corrupta
697 3721 784 3780 sunt.
833 3713 912 3779 Rem
935 3732 996 3778 acu
1022 3714 1128 3799 tetigit
1154 3715 1302 3793 Benene,
1327 3718 1383 3806 qni

186 3825 377 3892 brevissime
400 3821 420 3886 l.
443 3821 484 3889 l.:
510 3840 588 3906 »pro
612 3820 670 3885 ὑπὸ
696 3820 792 3885 ποδῶν
813 3818 834 3884 l.
863 3817 1005 3884 ὑποδέον.
1054 3818 1098 3884 Gi.
1129 3840 1226 3906 snpra
1246 3823 1383 3906 ῶμφιεν·

186 3931 238 4006 νθς
252 3930 273 3963 ’·’
297 3936 331 3995 at
354 3947 448 3995 nemo
472 3925 590 3994 dixerit
613 3924 772 4010 quomodo
801 3924 933 3992 ὑτοδθον
954 3925 987 3990 in
1011 3926 1070 3993 ὑπὸ
1091 3926 1186 3993 ποδῶν
1212 3925 1380 4013 depravari

188 4034 341 4122 potnerit.
389 4029 591 4098 Athenienses
619 4038 728 4101 autem
752 4050 814 4095 non
840 4029 990 4097 dicebant
1014 4031 1144 4101 ὑποδέον
1167 4029 1223 4096 sed
1247 4033 1381 4115 ὑποδῶν,

184 4157 237 4206 res
259 4145 349 4204 neria
378 4144 430 4220 est
449 4144 480 4205 et
505 4143 590 4205 uota.
647 4135 699 4203 Sic
723 4137 822 4216 λήροις
857 4137 975 4203 οὶναδῶν
999 4137 1070 4210 τοὺς
1099 4143 1245 4211 νικῶντας
1274 4140 1381 4209 estin

186 4247 348 4311 Antenore.
362 4241 456 4309 Pluto
469 4263 515 4308 vs.
530 4246 606 4310 589.
621 4261 683 4306 non
696 4241 841 4306 ῶναδέαν.
875 4241 976 4307 Viden
995 4242 1096 4327 igitur
1107 4242 1379 4327 quemadmodum

185 4357 376 4418 ΤΠΟΔΩΝ
401 4348 561 4434 pepererit
583 4345 770 4432 vulgatam?
820 4346 904 4414 Sunt
926 4346 1111 4414 huiusmodi
1129 4366 1256 4412 errores
1271 4347 1379 4414 edmo-

185 4457 265 4523 dnm
288 4462 431 4528 veteres,
447 4451 717 4540 quemadmodum
736 4473 829 4539 saepe
851 4454 884 4517 in
906 4453 1116 4538 sequentibus
1135 4451 1361 4519 demonstrabo
1369 4501 1379 4544 ρ

185 4582 291 4649 neque
323 4567 450 4627 tantum
478 4557 598 4627 indocti
628 4557 752 4625 scribae
781 4561 827 4624 sic
849 4556 1040 4624 hallucinari
1069 4556 1211 4623 sciebant
1242 4555 1298 4626 sed
1326 4555 1379 4621 do·

186 4669 264 4745 cti„
284 4666 312 4734 si
333 4665 433 4732 Moris
455 4665 579 4751 piacet,
606 4663 816 4733 Grammatici
849 4662 985 4730 subinde
1012 4684 1073 4731 nou
1090 4664 1211 4731 minos
1243 4659 1380 4763 mirifice

1091 4776 1101 4811 l
1117 4771 1126 4789 ‚
1349 4767 1351 4770 .
