3309 5750
759 648 822 712 1⁷5

195 854 250 935 τρὸ
272 855 327 916 τοῦ
348 847 458 929 ἀντρου
476 868 587 914 rorum
606 831 747 917 ridetur,
771 854 807 907 ut
828 867 861 932 p.
884 844 945 906 184
968 839 1070 910 Coun.
1089 833 1144 913 IV.
1164 852 1216 915 38.
1240 848 1296 928 τρὸ
1312 843 1367 914 τοῦ

195 958 305 1038 ἀντρου
325 953 462 1034 srdidae
483 951 676 1033 ὑτεςόρεοεν.
713 948 767 1014 Vs.
790 952 841 1014 28.
861 943 1012 1015 conarri
1032 949 1139 1031 ἔρωτος
1157 952 1210 1017 κκὶ
1228 953 1271 1017 ric
1286 951 1365 1034 ἔργου
1426 1039 1429 1044 .

194 1063 246 1127 κοά
272 1062 315 1126 τά
342 1058 492 1138 ἀνέμοοτοο.
537 1058 646 1123 Fama
668 1055 774 1136 ἔρωτος
797 1053 877 1135 ἔργον
901 1055 952 1119 nori
976 1056 1019 1120 τά
1041 1056 1194 1134 ἀνέμοοτοο.
1242 1057 1282 1121 ln
1302 1055 1365 1123 Co-

194 1165 266 1230 dice
294 1163 376 1229 nihil
403 1163 539 1252 amplius
565 1173 695 1253 apparet
721 1183 818 1250 quam
842 1158 894 1241 έρω
906 1209 997 1226 .....
1024 1186 1046 1226 οο
1073 1163 1125 1227 κω)
1151 1164 1194 1227 τά
1213 1162 1366 1240 tropaea.

196 1270 248 1335 Vs.
260 1275 312 1335 31.
336 1267 484 1336 Cuutttutt
504 1269 668 1346 κοολάμους
685 1268 772 1331 ἑννὲοο
788 1268 903 1346 χκλκῷ
919 1267 1107 1345 δεδεμένους.
1134 1270 1243 1335 Furta
1259 1269 1366 1348 χρυσῷ

192 1400 250 1467 pro
270 1377 397 1457 χωλκῷ.
429 1375 518 1439 locus
544 1385 590 1438 est
610 1372 707 1462 plane
728 1369 914 1460 deperditus
937 1381 969 1433 et
989 1369 1070 1436 nihil
1094 1373 1239 1463 dignosci
1260 1383 1366 1463 potest
1449 1394 1455 1403 ·

193 1482 277 1546 iuter
296 1483 384 1546 ἐννέοο
404 1493 435 1546 et
454 1492 492 1562 τῇ
517 1482 548 1545 δὲ
570 1478 707 1559 νεβρίδων.
743 1476 796 1541 έν
819 1480 872 1541 33.
899 1473 1133 1543 Consuluit-uisis
1159 1479 1268 1550 τάους
1290 1477 1368 1555 ἡμέ-

194 1609 260 1665 ρους.
296 1586 404 1650 Fuura
428 1588 457 1650 ἐν
479 1584 621 1655 aaaron
646 1582 787 1662 ἡμέρους.
838 1580 1003 1645 Perierunt
1026 1581 1106 1647 haec
1130 1585 1236 1649 omnia
1256 1581 1367 1646 fundi·

194 1701 254 1755 tus.
289 1689 371 1755 lbid.
400 1690 550 1756 Couu1ru
578 1689 823 1767 μῆλονάροοῖον.
859 1687 885 1752 F
890 1704 968 1752 uara
997 1675 1255 1771 pinciacensi.
1288 1687 1368 1753 haec

194 1817 325 1884 quoque
345 1796 518 1884 perierunt.
552 1793 668 1857 Vsssl.
694 1788 846 1857 Couulult
867 1792 988 1871 μόσχον
1013 1793 1231 1873 ὀρεογεννητέν.
1258 1793 1368 1858 Fortu

191 1899 313 1980 μόσχον
342 1902 569 1980 ἀρτιγέννητον.
603 1899 670 1963 sine
697 1897 829 1986 vestigio
851 1896 1057 1975 interierunt,
1082 1897 1136 1962 sed
1156 1920 1221 1963 non
1241 1909 1289 1963 est
1311 1919 1367 1962 co·

192 2004 263 2069 dice
284 2026 381 2094 opus,
396 2005 471 2094 quia
487 2002 693 2084 ὀρεογεννητάν
711 2001 793 2067 nihil
809 2014 872 2080 est,
889 2013 1000 2066 contra
1019 2002 1236 2082 ἀρτιγέννητον
1253 2002 1367 2072 Laudo

192 2111 225 2175 in
245 2133 281 2175 ea
302 2133 336 2175 re
358 2109 541 2175 adamatum
562 2120 594 2174 et
616 2108 783 2198 frequens,
807 2120 842 2173 ut
861 2132 891 2198 p.
914 2110 965 2172 56.
988 2106 1030 2173 ll.
1054 2112 1086 2171 4.
1109 2108 1268 2185 μετοοέέων
1288 2109 1367 2185 ata-

190 2239 267 2297 χους
292 2218 529 2297 ἀρτογεννητους
560 2226 593 2280 et
621 2214 748 2304 passim.
796 2215 961 2279 Praeterea
993 2235 1014 2276 οο
1045 2224 1076 2277 et
1103 2237 1117 2278 ο
1144 2211 1176 2275 in
1198 2210 1260 2276 hoc
1283 2212 1366 2278 libro

191 2320 345 2385 facillime
375 2319 531 2385 conlundi
560 2332 710 2409 possunt,
741 2319 895 2409 quoniam
915 2317 1018 2383 scriba
1039 2316 1094 2380 uhi
1115 2342 1136 2382 οο
1161 2317 1368 2397 scribendum

191 2437 239 2491 est
261 2450 275 2490 ο
294 2427 402 2517 ponit,
437 2424 554 2490 deinde
583 2424 730 2514 sequenti
760 2423 949 2488 consonanti
975 2421 1127 2486 lineolam
1155 2422 1300 2511 appingit
1326 2422 1367 2487 ad

190 2531 368 2609 sinistram,
401 2554 484 2621 quae
512 2553 586 2595 cum
615 2526 820 2618 praecedenti
840 2552 853 2591 0
879 2526 1052 2591 coniuncta
1073 2524 1198 2589 literam
1218 2551 1239 2590 οο
1260 2527 1368 2594 efficit.

192 2635 276 2701 Hinc
297 2638 420 2704 lactum
448 2650 495 2703 est
525 2649 559 2701 ut
577 2661 609 2726 p.
635 2639 696 2700 112
717 2633 869 2700 Counlun
895 2633 928 2698 in
954 2630 1074 2696 Codice
1100 2630 1214 2719 legerit
1235 2632 1368 2718 οἱκουρίρο

192 2742 245 2805 κοά
266 2743 429 2825 ἀοχολίρο,
455 2764 556 2832 quum
577 2740 745 2830 perspicue
765 2739 916 2821 ἀτχκλίρο
935 2738 969 2801 iu
988 2759 1025 2801 eo
1045 2736 1178 2824 legatur.
1209 2735 1368 2804 subiiciet

190 2844 271 2911 haec
292 2847 391 2913 oculis
408 2848 532 2929 Fama,
555 2848 611 2939 qui
631 2846 792 2936 specimen
810 2845 984 2936 scripturae
1002 2841 1128 2908 Codicis
1144 2842 1177 2906 in
1194 2864 1246 2908 aes
1266 2843 1367 2909 incidi

189 2951 280 3016 iussit
310 2962 342 3016 et
371 2952 472 3017 edidit
502 2955 534 3017 in
565 2953 698 3044 praelat.
720 2952 759 3017 ad
780 2952 931 3017 Fabulae
950 2952 1137 3039 Aesopicaa
1156 2972 1226 3038 pag.
1248 2968 1363 3028 xxx11,

189 3056 245 3121 ubi
267 3056 339 3123 ride
360 3058 510 3125 ultimum
529 3059 723 3125 vocabulum
748 3067 813 3129 τοῖς
834 3058 998 3137 ἀνθρώποις
1019 3055 1126 3120 autin
1146 3056 1210 3121 fine
1230 3080 1363 3147 praece·

188 3161 295 3228 dentis
323 3186 429 3228 versus
460 3167 640 3242 ἀνήνεγκεν.
691 3162 743 3228 Vs.
775 3165 829 3228 38.
859 3164 920 3240 ἐγὼ
945 3164 1002 3241 μὲν
1026 3161 1195 3240 βουκόλος,
1221 3163 1235 3226 o‘
1259 3165 1291 3229 δὲ
1315 3166 1364 3230 oi-

186 3251 295 3340 ττάλοο
310 3273 454 3332 τοσοῦτον
481 3267 625 3348 κρείττων
655 3264 722 3332 ὅσον
742 3268 840 3344 atreo
862 3266 947 3343 βόες.
980 3261 1089 3330 Codex
1109 3271 1254 3331 τοσοῦτον
1267 3315 1360 3333 .....

185 3373 351 3454 κρείττων,
385 3395 437 3438 ser
465 3384 588 3461 septem
618 3371 744 3438 litterae
776 3368 973 3435 exciderunt.
1018 3368 1187 3460 Suspicor:
1217 3375 1391 3436 τοσοῦτον

184 3473 236 3542 οὖν
259 3479 320 3557 ἐγὼ
341 3479 487 3560 κρείττων
509 3476 735 3567 supplendum.
782 3475 835 3540 Vs.
861 3478 913 3541 lO.
939 3472 1047 3541 Codex

455 3628 572 3708 μέλλον
598 3635 614 3716 ΙΙ
637 3627 781 3706 ἀμάτέοω
806 3625 859 3689 uari
883 3622 991 3704 ἔθρεψε
1015 3624 1117 3705 μήτηρ

641 3732 672 3796 δὲ
695 3729 830 3810 τράγους
854 3729 888 3793 οδ
897 3777 1092 3794 ..........
1117 3728 1222 3794 δεινὸν.

183 3894 316 3984 supple:
349 3897 461 3969 tautae
482 3899 541 3962 ἀντ’
562 3900 662 3962 aaron
683 3895 777 3962 δεινόν
806 3919 843 3961 er
869 3895 922 3973 iis,
956 3918 1039 3984 quae
1059 3894 1203 3985 Daphnis
1224 3919 1357 3987 respon·

183 3998 255 4064 det:
281 4001 361 4079 νέμω
388 4004 418 4083 δὲ
440 4002 575 4083 τράγους
595 4045 631 4055 -
652 4002 707 4084 ἔξω
730 4003 761 4067 δὲ
785 4005 868 4068 οὐδὲν
895 4005 953 4067 ἀντ’
978 4006 1089 4069 cirtio.
1125 4003 1196 4068 Ful.
1211 4007 1264 4070 24.
1281 4028 1308 4070 r.
1328 4007 1357 4071 l.

184 4103 349 4172 Coutttuu:
366 4108 460 4201 νέμω
478 4109 509 4172 δὲ
533 4107 686 4190 τράγους,
719 4110 758 4180 ὡς
782 4110 909 4182 τούτους
936 4109 1016 4187 βοῶν
1038 4108 1183 4191 μείζονοος
1196 4158 1288 4174 .....
1313 4109 1356 4186 ξω

183 4261 277 4278 .....
311 4213 395 4278 οὐδὲν
424 4215 482 4277 ἀπ’
517 4217 629 4278 κάτάν.
675 4212 797 4280 Futtla:
828 4214 908 4293 νέμω
938 4215 968 4278 δὲ
1000 4213 1135 4295 τράρους
1163 4221 1223 4280 τάν
1247 4215 1357 4280 τούτου

182 4319 261 4397 βοῶν
289 4321 445 4402 μείζονοος.
477 4320 532 4401 ὄζω
553 4320 583 4384 δὲ
605 4319 688 4384 οὐδὲν
708 4322 766 4384 ἀντ’
788 4321 900 4384 cordo.
949 4316 1101 4387 Cuuulttu
1128 4319 1163 4384 in
1193 4319 1356 4411 Epistola

182 4423 384 4489 confidenter
414 4437 569 4490 asseverat
599 4424 632 4489 in
659 4420 777 4490 Codice
808 4422 891 4488 illud
922 4424 1028 4512 ipsum
1058 4424 1155 4489 fuisse
1183 4427 1356 4516 scriptum,

181 4530 268 4618 quod
299 4531 367 4619 ipse
392 4530 539 4596 dedisset.
574 4530 707 4595 Fatetur
725 4551 811 4595 nuuc
834 4529 868 4593 in
890 4526 1009 4593 Codice
1027 4530 1195 4619 perspicue
1217 4530 1282 4620 legi
1301 4529 1357 4608 id,

181 4635 269 4725 quod
299 4636 408 4701 Fumi
439 4635 531 4715 dixit,
561 4635 616 4701 sed
646 4633 799 4702 Codicum
826 4635 867 4699 ab
887 4634 956 4724 ipso
977 4627 1155 4701 aduersarid
1175 4637 1220 4715 sie
1241 4635 1355 4700 rescri-

177 4752 272 4830 ptum
293 4753 325 4807 ct
343 4741 678 4831 interpolatumesse,
708 4764 844 4833 eamque
864 4739 1010 4809 fraudem
1028 4742 1205 4809 manifestis
1224 4740 1353 4808 iudiciis
