3309 5750
792 627 860 694 tot

234 834 279 917 τῷ
299 830 383 913 ποτῶ
402 840 435 896 et
453 824 704 894 simi'dicuntur.
734 822 815 907 Ωιι
837 811 1033 889 ιιιθοίιιιιθιε
1052 810 1243 891 ιιοοιιθιοιῗ
1254 815 1420 892 Prum-

237 953 298 1005 (λιιι
323 938 405 1002 vitis
425 931 591 1022 aliquanto
611 928 841 1019 integrioribus
864 939 896 995 et
916 931 1050 995 numero
1063 922 1419 998 nmatione-deseri-

235 1045 300 1137 psit
319 1040 495 1109 celebrium
517 1039 656 1104 virorum
672 1025 942 1126 apophthegmata
954 1027 1001 1123 (in
1012 1037 1212 1103 Pntt'rrtacut
1220 1038 1418 1104 Moratum

235 1164 267 1241 p
288 1146 414 1235 2041‘.)
441 1168 515 1212 nsns
534 1156 581 1209 est
601 1138 721 1208 Codice
742 1140 844 1206 nihilo
861 1141 1094 1222 emendatiore,
1110 1142 1203 1209 unde
1224 1142 1311 1209 haec
1331 1166 1419 1210 snm·

157 1269 161 1275 “
236 1256 293 1321 sit:
317 1258 377 1319 τῶν
408 1254 477 1317 δὲ’
463 1250 550 1333 ρητθρ
553 1273 591 1314 ιον
614 1250 686 1320 τοὺς
710 1245 801 1326 μένοι
821 1248 963 1327 βοῶντας
994 1240 1098 1327 ἔλεγε
1111 1250 1150 1315 δι’
1174 1250 1344 1315 enervans
1366 1248 1416 1314 ε’τθ

235 1362 291 1435 τήν
324 1357 463 1439 κραυγήν
489 1356 527 1427 ῶς
557 1354 681 1434 χυλοὺς
693 1351 900 1429 ῶναβαθνειν
929 1351 1023 1434 ἐφ’
1007 1377 1119 1427 ιππον,
1155 1354 1243 1420 undo
1274 1354 1417 1445 primunr

236 1486 351 1531 revoca
378 1460 472 1527 ἵππον
492 1481 551 1550 pro
570 1458 688 1531 ἵππου,
721 1454 809 1547 quod
829 1456 1014 1523 inconsulto
1034 1456 1242 1526 Stnnurttstus
1262 1460 1416 1552 arripuit:

237 1570 326 1663 qnod
356 1578 463 1633 nutem
493 1568 583 1647 μέγα
606 1567 747 1645 βοῶντας
777 1563 867 1630 dedit
900 1564 1058 1647 Graecus,
1094 1558 1207 1633 ¹elicuit
1241 1561 1289 1636 ex?
1316 1568 1416 1635 verbis

238 1676 395 1766 corruptis
421 1673 609 1739 sententiam
632 1671 915 1762 qualemcumque:
946 1673 980 1738 in
999 1676 1042 1755 τῷ
1066 1674 1147 1753 βοῶν
1170 1674 1314 1756 μεγαλα
1336 1670 1416 1755 χρῶ-

237 1783 347 1864 μένους
367 1780 445 1845 latet
463 1780 505 1860 τῷ
523 1778 603 1855 βοῶν
616 1780 955 1857 μεγαλαυχουμένους.
979 1771 1278 1862 Μεγαλαυχεῖοθαι
1297 1802 1417 1871 super·

239 1890 326 1966 hire,
349 1888 416 1950 sibi
424 1886 583 1975 placere,
611 1881 727 1971 passim
747 1881 875 1972 legitur.
923 1884 1028 1950 Paene
1048 1884 1186 1975 perierat
1207 1886 1243 1952 in
1263 1886 1417 1954 anuno

240 1998 278 2073 9,
302 1993 360 2069 14,
381 1994 409 2055 4
434 1988 491 2053 ubi
511 1987 607 2076 vulgo
627 1986 783 2052 edebatur
799 1988 828 2053 εθ
848 2011 879 2053 τι
901 1991 919 2065 4
943 1991 1046 2070 μήτηρ
1069 1992 1299 2072 ε’μεγαλαθχει
1323 1992 1411 2065 τότε,

241 2096 399 2165 Codicum
430 2094 576 2187 omnium
604 2092 842 2182 antiquissimus
862 2093 888 2158 B
908 2096 999 2195 peius
1019 2096 1113 2161 etiam
1134 2097 1313 2199 ἐμαλαυχε
1315 2121 1324 2162 ι
1345 2097 1416 2162 τότε

241 2202 352 2281 dedit,
381 2222 464 2267 unus
484 2199 510 2264 θ’·
531 2220 635 2264 reram
657 2198 861 2265 lectionem'
846 2208 1110 2281 εμεγαλαυχεῖτο
1134 2189 1278 2266 serravit.
1319 2194 1416 2268 Idem

242 2308 376 2377 rerbum
403 2302 636 2372 restituendum
665 2292 800 2370 videt·ur
818 2305 1001 2371 Purronr
992 2328 1024 2370 ιιι
1048 2305 1131 2397 Ilep.
1154 2304 1225 2371 Vll.
1248 2330 1281 2397 p.
1303 2309 1418 2375 52811.

241 2415 296 2500 ουκ
331 2436 370 2478 αν
404 2411 553 2478 πείθοιντο
586 2411 612 2473 οἱ
640 2408 710 2490 περὶ
741 2433 849 2475 ταυτα
878 2410 1034 2492 ζητητικοὶ
1064 2403 1413 2493 μεγαλοφρονούμενοι,

243 2518 319 2612 'qnia
350 2516 449 2584 lutei
477 2514 628 2583 dicebant
657 2526 842 2580 constanter
869 2535 980 2580 omnes
1006 2515 1097 2594 μέγα
1121 2519 1263 2596 φρονεῖν,
1287 2517 1413 2600 μεῖζον,

240 2626 372 2707 μθγιςον
396 2629 537 2706 φρονεῖν,
564 2631 599 2686 ut
619 2621 783 2694 ταπεινὸν,
808 2620 936 2701 σμικρὸν
962 2624 1104 2702 φρονεῖν,
1140 2638 1244 2708 nequa
1272 2635 1416 2698 μεγαλο-

240 2735 363 2814 φρονεῖν
384 2739 417 2793 et
435 2728 539 2792 multo
560 2726 668 2791 minus
685 2725 1008 2807 μεγαλοφρονεῖσθαι,
1024 2722 1109 2813 quod
1128 2719 1225 2813 plane
1245 2721 1416 2790 barbarum

230 2846 288 2904 ost
317 2847 349 2903 et
369 2833 466 2901 rerbo
484 2832 640 2914 χαίρομαι
662 2829 872 2896 simillimum.
920 2821 1067 2895 Graeculi
1085 2824 1238 2896 dicebant
1255 2829 1416 2910 μεγάλα,

239 2921 352 3024 μεῖζον,
377 2939 500 3018 με’γιςα
525 2941 664 3016 φρονεῖν,
686 2947 719 3000 et
741 2935 920 3025 saepissime
941 2941 1210 3016 μεγαλοφρονεῖνι
1229 2935 1325 3002 unde
1345 2958 1417 3027 pas-·

241 3045 300 3111 'sim
321 3043 442 3108 factum
464 3051 512 3106 est
531 3052 567 3105 ut
588 3040 667 3108 istae
687 3039 795 3106 sordes
811 3034 956 3106 'labentis
981 3039 1168 3105 Graecitatis
1185 3040 1418 3131 inantiquita÷

240 3150 281 3216 tie
310 3156 518 3213 monumenta
546 3167 579 3211 se
608 3138 826 3224 insinuarent,
857 3167 988 3237 saepea
1013 3143 1138 3212 criticis
1158 3128 1324 3237 expulsae,
1338 3168 1416 3211 sae-

239 3254 312 3347 pius
348 3249 572 3344 expellendae;
607 3261 639 3316 at
668 3257 970 3332 μεγαλοφρονοῶμαι
1003 3274 1099 3318 nemo
1136 3262 1184 3318 est
1217 3253 1275 3343 qni
1303 3251 1417 3318 dixerit

240 3383 412 3453 umquam,
437 3357 649 3450 quamobrem
667 3356 971 3437 μεγαλαυχούμενοι
992 3357 1202 3438 restitnerim,
1230 3381 1294 3448 qua
1315 3358 1416 3425 forma

240 3462 356 3533 Panto
382 3488 455 3533 cum
489 3465 621 3531 caeteris
651 3462 801 3529 omnibus
827 3455 952 3552 saepius
985 3463 1104 3543 utitur,
1136 3475 1171 3528 ut
1198 3463 1233 3528 in
1262 3462 1326 3530 hoc
1347 3464 1416 3554 ipso

240 3594 340 3664 opere
365 3573 406 3638 de
434 3571 517 3663 Repo.
545 3569 603 3636 ΙΙΙ.
630 3594 662 3660 p.
687 3571 752 3634 395
774 3563 805 3632 n.
829 3576 969 3646 γυναῖκα
994 3563 1174 3648 πρὸςθεοὺς
1197 3567 1356 3652 ἔρι’ζουοθν
1380 3591 1417 3634 τε

239 3678 293 3744 καὶ
316 3676 639 3758 μεγαλαυχουμένην.
680 3673 873 3763 Exemplum
894 3684 1035 3738 vetustae
1054 3673 1311 3765 interpolationis
1330 3675 1416 3741 idem

239 3782 351 3849 l'unuo
368 3781 598 3872 suppeditabit
626 3785 663 3846 in
687 3780 833 3870 Legibus»
856 3776 913 3844 Xl.
943 3802 973 3870 p.
994 3777 1062 3845 931'
1081 3800 1113 3848 λ.
1144 3779 1249 3863 πατήρ
1278 3777 1330 3846 οὖν
1348 3777 1415 3862 ’θτιρ

239 3888 293 3953 καὶ
320 3889 422 3970 μήτηρ
445 3889 462 3964 4
489 3887 604 3952 τοθτυν
629 3885 762 3967 πατέρες
792 3885 809 3961 4
834 3885 966 3966 μητέρες
993 3888 1024 3950 ἐν
1050 3888 1132 3970 οἱκίορ
1157 3896 1278 3953 κεῖνται
1303 3887 1416 3966 κειμή-

238 3980 299 4057 λιοι
335 3991 537 4073 ἀπειρηκότες
574 3992 657 4073 γήρα
690 3989 798 4068 μηθεὶς
833 3990 1016 4065 διανοηθήτω
1051 3993 1127 4056 ποτὲ
1157 3990 1301 4070 ἄγαλμα
1329 3991 1415 4072 αὐτῷ

239 4101 374 4160 τοιοῦτον
394 4096 518 4177 ε’φέςιον
541 4091 656 4175 ἵδρυμα
679 4095 710 4157 ἐν
734 4093 816 4176 οἶαθρο
840 4091 921 4174 ἔχειν
943 4097 1068 4171 μᾶλλον
1093 4093 1192 4174 κθριου
1213 4092 1339 4175 ἔσεσθαι
1362 4094 1417 4159 ε’θον

239 4199 275 4272 δή
302 4199 388 4263 κατα
414 4199 525 4280 πρθπον
548 4223 588 4276 γε
611 4198 698 4278 ὀρθῶς
721 4197 798 4262 αὐτὸ
828 4198 981 4280 θεραπεθη
1003 4198 1017 4262 ὃ
1038 4199 1238 4277 κεκτημένος.
1272 4198 1329 4290 qui
1359 4199 1418 4266 ad·

240 4301 382 4369 monitus
410 4295 476 4370 non
507 4302 623 4370 sentiet
651 4304 681 4368 ἒν
710 4301 791 4388 οἰκθρι
820 4325 887 4370 esse
914 4303 1236 4394 interpretamentum
1265 4305 1417 4372 vocabuli

240 4408 364 4491 ἐφθςιον
383 4421 415 4474 et
435 4411 522 4491 ὀρθῶς
544 4404 713 4475 verborum
732 4408 817 4473 uerit
838 4408 966 4491 τρόπον,
990 4409 1135 4477 nondum
1156 4410 1235 4501 quid
1255 4412 1296 4476 sit
1315 4411 1417 4478 nitide

240 4525 273 4580 et
300 4511 465 4604 eleganter
493 4516 629 4581 scribere
659 4536 697 4579 er
725 4514 890 4579 Pnaronrs
918 4525 951 4579 et
979 4515 1158 4583 Atticorum
1182 4517 1323 4583 lectione
1341 4518 1416 4584 satis

241 4621 411 4713 perspexit.
438 4621 521 4705 -Qui
540 4621 674 4700 sentiet,
692 4619 777 4711 apud
800 4618 982 4687 Saooanusr
1000 4622 1034 4686 in
1053 4623 1175 4689 Floril.
1198 4623 1344 4691 LXXIX.
1364 4627 1417 4689 34.

242 4737 382 4796 retorem
418 4728 485 4797 esse
521 4721 803 4819 interpolationem
835 4726 1020 4817 comperiet.
1079 4728 1203 4797 Addam
1233 4751 1271 4796 er
1301 4728 1414 4797 iisdem
