3309 5750
784 612 851 675 330

234 824 308 878 sant
329 809 436 900 pueris
455 817 550 884 nota,
573 818 606 870 at
624 816 699 870 aunt
716 802 778 868 alia
797 824 863 868 non
885 802 991 867 minus
1011 810 1118 878 certa,
1143 820 1235 890 quae
1256 800 1411 869 Atticistrr
1432 803 1436 811 ’

235 916 365 1010 quidem
397 935 505 980 omnes
535 912 687 1001 fugerunt
716 922 748 976 et
776 909 1008 976 Grammaticos
1033 905 1182 973 omnium
1214 918 1410 998 temporum,

234 1046 252 1088 e
270 1043 408 1111 qnorum
428 1041 562 1084 numero
580 1030 627 1084 est
644 1040 718 1082 usus
734 1015 822 1082 verbi
838 1014 933 1079 unius
949 1014 1094 1080 omniurn
1106 1012 1277 1078 notissimi
1293 1015 1406 1093 τύπτω,

236 1131 268 1194 in
302 1149 367 1217 qno
397 1123 619 1214 cognoscendo
649 1139 680 1188 et
712 1120 884 1188 ediscendo
911 1119 1156 1186 innumerabilis
1178 1120 1406 1211 discipulorum

235 1231 410 1300 multitudo
441 1230 517 1295 inde
548 1230 588 1295 ab
617 1229 757 1319 antiquis
788 1227 987 1318 temporibus
1005 1226 1195 1294 tirocinium
1219 1227 1323 1306 fecit,
1345 1251 1406 1294 nan

236 1341 292 1432 qui
320 1338 396 1405 olim
420 1337 488 1417 περὶ
511 1337 641 1408 κλίσεως
667 1334 824 1413 ύνομούτων
848 1334 901 1399 κού
926 1332 1070 1414 ῥνμύτων
1094 1332 1331 1423 scriptitabant
1347 1356 1405 1401 otu·

236 1470 291 1511 nes
311 1446 342 1509 in
362 1440 523 1528 berytonis
543 1426 603 1505 boo
620 1439 766 1529 exemplo
783 1438 957 1504 utebantur
972 1450 1003 1503 et
1018 1436 1196 1527 discipulos
1212 1439 1404 1505 exercebant

237 1550 323 1617 Olim
352 1558 427 1612 nata
455 1557 530 1610 sunt
555 1556 697 1609 monstra
725 1555 757 1608 et
777 1554 926 1633 portenta
947 1542 1120 1608 formarum
1142 1548 1259 1619 τνπῶ,
1284 1542 1405 1627 ἔτνπον,

235 1654 415 1731 ἕτωπύμνν,
438 1650 577 1727 τὲτντοο,
602 1649 784 1727 ἐτετύπεον,
802 1647 981 1725 τωττέτων,
999 1646 1213 1725 τωττύμεύον,
1237 1646 1316 1726 alia,
1335 1667 1404 1738 quac

237 1764 271 1825 in
302 1755 553 1845 magistellorum
578 1753 714 1819 cerebris
740 1765 814 1818 nata
835 1764 928 1832 sunt,
951 1752 984 1817 in
1006 1752 1202 1832 Graecorum
1226 1753 1323 1821 libris
1341 1778 1404 1822 nus·

238 1890 334 1958 quarn
357 1864 520 1951 leguntur3
544 1873 576 1925 at
596 1860 747 1949 leguntur
767 1871 798 1925 et
814 1855 1013 1949 explicantur
1032 1858 1118 1949 apud
1140 1858 1364 1928 Turonosvur
1377 1862 1403 1925 in

237 1974 391 2039 Bsxnnnr
418 1966 540 2034 Anecd.
567 1964 609 2030 ll.
636 1991 668 2056 p.
691 1969 777 2031 1008
800 1990 869 2056 sqq.
889 1978 922 2031 et
942 1965 1020 2030 alios
1039 1964 1173 2031 multos.
1224 1966 1271 2031 Et
1289 1965 1330 2031 de
1347 1966 1404 2031 istis

238 2075 368 2169 quidem
398 2072 504 2137 dicere
530 2070 612 2136 nibil
641 2071 774 2136 attinet:
807 2071 912 2137 dicam
939 2069 980 2135 de
1007 2070 1118 2135 formis
1144 2069 1241 2135 verbi
1267 2072 1404 2148 τύπτειν,

239 2182 355 2274 quibus
384 2188 474 2243 vetus
505 2177 612 2267 lingua
642 2189 804 2253 uteretur,
835 2177 969 2267 aliisque
997 2198 1055 2241 nsu
1088 2176 1240 2244 omniurn
1262 2199 1337 2244 curn
1355 2176 1405 2244 boc

240 2288 337 2356 verbo
356 2283 555 2362 coniunctis,
578 2295 614 2347 ut
638 2281 694 2365 ᾖον,
726 2279 810 2362 εἶμι,
832 2277 921 2357 ἦλθον
941 2302 1014 2346 cnm
1035 2279 1188 2361 ἕρχομοονε
1210 2284 1285 2363 ἐρῶ,
1308 2279 1404 2361 εἷπον,

148 2480 151 2488 ¹
239 2395 346 2476 οἷονκον
376 2412 450 2455 curn
478 2389 683 2469 οξποογορεύω,
714 2387 947 2468 προσαγορεύω,
980 2386 1177 2475 caeterisque
1204 2388 1407 2479 compositis,

237 2502 363 2589 aliaque
395 2518 477 2586 qnae
504 2494 667 2583 aequiores
687 2492 837 2558 Graeculi
856 2515 920 2557 non
940 2491 1247 2558 animadverterunt.
1294 2494 1405 2559 Τύττω

238 2605 402 2696 duplicem
424 2600 526 2665 babet
544 2596 745 2685 significandi
763 2608 972 2687 potestatem,
994 2620 1082 2688 ‘qnae
1101 2598 1147 2663 sio
1168 2599 1296 2688 optime
1317 2621 1407 2690 appa·

237 2711 320 2775 vobit
346 2708 371 2772 si
400 2702 611 2769 observaveris
641 2700 672 2766 id
706 2701 792 2791 quod
822 2701 944 2767 dicam:
973 2702 1105 2767 verbum
1126 2700 1190 2767 hoc
1209 2703 1245 2768 in
1267 2704 1408 2796 populari

240 2836 385 2884 sermone
411 2832 528 2877 nornen
560 2830 597 2871 ex
628 2829 660 2871 se
691 2819 801 2872 natum
829 2829 894 2871 non
924 2806 1041 2886 habet,
1063 2805 1117 2871 sed
1137 2808 1408 2897 quemadmodum

237 2923 334 2988 verbo
364 2918 440 2985 ἰὲνοον
471 2928 503 2980 et
533 2914 717 3004 compositis
747 2913 919 3004 respondet
946 2937 1062 2979 nomen
1089 2914 1152 2985 ὁδός
1175 2915 1227 3000 (ut
1248 2916 1316 2981 ὁδὸν
1340 2915 1407 2981 ἱένοω

239 3027 351 3094 eodem
380 3020 478 3087 modo
508 3019 634 3085 dicatur
654 3031 750 3108 atque
778 3019 862 3084 νόσον
891 3023 1019 3104 νοσεῖν),
1044 3019 1089 3084 sic
1109 3019 1206 3085 verbo
1229 3020 1363 3086 τύπτειν
1383 3029 1409 3084 et

238 3127 412 3197 τύπτεσύοον
432 3122 603 3214 respondet
624 3147 741 3189 nomen
761 3124 883 3203 πληγή.
918 3123 1038 3188 Τύπτω
1060 3124 1157 3214 igitur
1177 3125 1342 3216 significat
1359 3134 1410 3189 aut

237 3234 364 3315 πληγὴν
391 3230 498 3308 δίδωμι
520 3241 575 3294 aut
596 3229 726 3309 vrtnyoir
750 3229 858 3308 δίδωμι
887 3229 952 3315 (vel
973 3229 1130 3309 ἑμβούλλω
1153 3231 1205 3297 vel
1225 3231 1350 3297 ἐντείνω
1365 3228 1410 3297 vel

239 3338 385 3422 ἐντρύβω,
422 3358 503 3426 quae
532 3334 640 3401 omnis
667 3333 753 3425 apud
773 3357 882 3401 omnes
902 3334 935 3399 iu
959 3356 1019 3401 usu
1036 3337 1136 3422 sunt).
1183 3335 1258 3402 lloc
1276 3348 1327 3402 est
1344 3357 1409 3402 cae·

237 3449 338 3524 dere,
356 3443 548 3520 verberare,
570 3465 597 3509 v.
616 3461 644 3506 c.
665 3462 800 3530 puerum
822 3462 960 3529 nequam
983 3440 1034 3507 vel
1050 3439 1224 3506 indocilem
1246 3453 1411 3508 mannent

242 3556 347 3630 lusto,
372 3549 452 3615 illud
471 3550 607 3637 ferire,
624 3549 744 3613 vulnus
766 3547 936 3636 infligere,
956 3544 1078 3635 gladio,
1100 3547 1243 3636 pugione
1264 3548 1317 3616 vel
1337 3569 1413 3639 quo·

240 3679 380 3748 eumque
407 3653 474 3719 telo
503 3653 668 3734 cominus,
702 3664 738 3718 ut
766 3653 876 3731 πληγή
905 3664 938 3717 et
963 3657 1093 3731 τροῦμοο
1123 3652 1164 3716 sit
1192 3653 1293 3742 plane
1319 3654 1412 3720 idern.

241 3765 355 3854 ltaque
386 3759 510 3825 laborat
539 3758 630 3823 locus
659 3754 824 3822 Pervovvs
851 3755 892 3820 de
919 3754 1062 3844 legibus
1092 3753 1148 3821 lx.
1174 3780 1208 3846 p.
1233 3763 1315 3827 877.
1342 3779 1371 3827 ta
1389 3759 1412 3824 ri

240 3867 442 3940 ἐτελεύτησεν
467 3865 501 3929 ἐκ
527 3871 583 3938 τῆς
610 3870 738 3940 πληγῆς
763 3866 817 3926 τού
844 3859 1040 3940 τοωύοοωτος,
1067 3860 1204 3927 obiroi
1228 3865 1411 3944 τροιύμοοτοο

241 3966 487 4060 expungendum
508 3976 564 4030 est.
600 3964 745 4054 Utroque
764 3985 857 4029 sensu
874 3963 981 4028 τύπτω
1002 3975 1034 4029 et
1050 3965 1213 4047 τύπτομωο
1232 3969 1413 4060 saepissimo

242 4079 392 4164 leguntur
423 4068 508 4160 apud
537 4069 705 4159 scriptores
738 4091 847 4135 omnes
876 4067 1046 4134 cuiuslibet
1073 4070 1184 4136 aetatis
1212 4084 1246 4138 et
1276 4075 1413 4165 patriaez

240 4180 347 4247 τύπτω
381 4197 474 4264 saepe
504 4185 551 4241 est
580 4174 706 4251 πληγὴν
733 4174 862 4248 δίδωμι,
895 4184 928 4239 at
948 4172 1041 4264 longe
1062 4174 1263 4266 frequentius
1285 4179 1414 4261 πλννοὶω

241 4283 414 4364 indilato:
444 4292 553 4346 contra
581 4275 742 4359 τύπτομοοο
771 4280 838 4346 fere
863 4304 987 4372 semper
1011 4295 1057 4348 est
1075 4284 1206 4360 πληγὰς
1232 4284 1410 4364 λοομβούνω,

241 4389 370 4480 copul.
417 4386 600 4453 Promiscue
629 4384 780 4453 dicuntur
798 4386 929 4461 τύπτω,
955 4387 1210 4465 calmoltensis
1237 4390 1414 4470 ἐμβύλλω,

241 4508 272 4563 et
301 4493 485 4570 τύπτομοω,
519 4493 672 4571 πούομοον,
709 4491 841 4569 πληγὰς
876 4490 1053 4571 λωμβοὶνω,
1088 4511 1171 4579 quae
1198 4515 1312 4560 omnes
1343 4504 1413 4560 sunt

242 4601 415 4677 ἶσοδύνονμοο
438 4608 470 4662 et
489 4597 657 4663 variandae
678 4597 828 4662 orationis
850 4618 942 4662 causa
962 4595 1119 4664 alternant
1140 4608 1171 4662 et
1190 4597 1277 4664 inter
1292 4623 1326 4666 se
1344 4622 1414 4691 per·

242 4716 413 4773 mutantur.
1073 4722 1080 4728 ·
