3309 5750
869 637 936 703 290

316 832 406 901 eludi
435 834 532 911 solet,
558 844 592 898 at
610 831 716 922 cogita
734 828 814 921 quid
834 836 943 897 ταῦτα
965 831 1143 922 significet,
1165 831 1258 922 quod
1275 832 1393 925 digito
1413 860 1499 906 mon.

314 951 393 1007 strat
413 961 496 1029 quae
513 936 713 1030 praecedunt
730 941 747 1025 §
765 939 821 1003 36,
841 936 931 1003 διέίει
955 936 1082 1018 ίίροβος
1107 937 1193 1028 (lege
1212 940 1304 1021 θροῦς
1325 952 1370 1008 ut
1393 945 1412 1029 ς
1435 946 1494 1034 35.)

314 1046 346 1110 έν
369 1056 408 1127 τῆ
437 1044 601 1127 ε’κκλησίορ.
648 1042 797 1109 Clamant
821 1042 877 1108 alii
897 1042 1021 1115 δικαίως
1046 1042 1219 1120 βοηίῆσαι,
1245 1046 1274 1110 οἱ
1305 1046 1344 1114 δὲ
1371 1050 1492 1118 ἀδικεῖν.

313 1150 435 1216 interea
451 1151 561 1241 prodit
583 1148 715 1216 Cliteles
734 1161 768 1215 et
788 1148 831 1214 ab
852 1148 913 1214 lise
931 1149 997 1239 ipsa
1017 1146 1212 1216 dissensione
1236 1149 1391 1219 orditur:
1414 1156 1493 1221 daal

312 1262 444 1321 ταῦτα
473 1259 531 1337 μὲν
563 1257 635 1329 ἴσως
664 1256 892 1334 ἀντιλέγεται,
916 1255 1037 1345 inquit:
1058 1255 1168 1346 ecquis
1192 1258 1320 1323 eratin
1346 1262 1493 1329 concione

313 1360 497 1442 docendos,
536 1362 615 1453 quid
645 1374 726 1428 esset
757 1361 798 1427 de
828 1384 895 1452 qno
926 1362 1177 1430 dissentiretur·
1212 1364 1409 1434 dbsurdum
1438 1380 1492 1448 est,

313 1468 447 1558 opinor,
479 1470 526 1535 ita
555 1466 671 1533 dicere.
719 1464 783 1532 Sed
812 1467 1009 1557 pertinacius
1034 1480 1134 1558 agunt
1153 1468 1213 1536 riri
1230 1470 1329 1537 docti
1345 1486 1381 1539 et
1400 1475 1490 1542 multa

312 1594 407 1664 saepe
437 1574 530 1640 nobis
558 1593 756 1663 supervacua
788 1573 889 1640 rideri
914 1572 1079 1654 dictitant,
1107 1598 1190 1665 quac
1216 1587 1333 1645 tamen
1361 1580 1489 1648 dictret

311 1680 428 1769 scripta
460 1680 523 1745 sint
551 1690 637 1744 certa
665 1677 745 1744 lide:
774 1678 829 1745 sed
858 1679 1027 1746 manifesta
1056 1682 1210 1747 sermonis
1241 1683 1323 1750 sitia
1352 1686 1488 1755 lranden

311 1787 524 1877 patefaciunt:
544 1808 608 1851 non
627 1780 705 1860 ἦσαν
721 1784 778 1852 sed
797 1787 873 1851 είσίν
892 1786 1015 1854 dictum
1032 1798 1101 1854 tum
1120 1789 1282 1878 oportuit,
1303 1813 1375 1859 non
1393 1794 1486 1868 riser,

312 1891 368 1957 sed
388 1892 526 1973 πότεροι,
549 1902 583 1957 et
601 1888 690 1970 ἀρχω
713 1892 833 1956 ἀδικεῖν
856 1891 928 1981 quis
949 1892 1031 1960 oeric
1052 1893 1274 1962 ΧΠθΡΙολἨ
1294 1897 1486 1990 imputabitl
1517 1927 1520 1936 ’

311 1996 386 2063 Non
407 1998 514 2063 minas
533 1995 701 2063 manifesta
722 1995 914 2064 emblemata
933 2011 1006 2065 suot
1024 1998 1051 2066 Ι.
1071 2019 1103 2067 ι.
1126 2003 1176 2067 ta.
1199 2001 1401 2090 [ἀπελογήθη
1419 2004 1487 2092 del,

310 2126 370 2195 pro
399 2125 470 2193 quo
504 2102 627 2168 Atticus
660 2102 889 2177 ἀπελογήσατο
921 2103 1071 2184 dixisset,
1102 2104 1128 2173 l.
1157 2124 1201 2173 u
1238 2111 1289 2175 lb.
1326 2107 1422 2202 [ὅπως
1447 2111 1487 2189 μῆ

310 2212 414 2276 έκεῖσε
445 2208 574 2297 malm,
602 2205 647 2273 Il.
675 2223 720 2272 lv.
749 2209 801 2272 13.
840 2202 934 2296 [οὗτοι
964 2211 999 2284 δὴ
1034 2211 1060 2275 οἱ
1091 2209 1297 2300 τριάκοντα],
1333 2215 1393 2282 lv.
1414 2234 1444 2281 ι.
1461 2220 1486 2281 5.

310 2316 336 2380 οί
372 2316 398 2380 δ’
432 2317 462 2381 ἐν
491 2318 534 2398 τῷ
568 2313 681 2395 Ἡραίῳ
711 2312 1049 2403 [καταπεφευγέτες],
1082 2314 1195 2381 llll.
1222 2319 1276 2383 31.
1304 2315 1360 2406 [οὗ
1381 2321 1418 2396 δίη
1440 2318 1485 2385 καί

309 2419 464 2501 ἀπόγονοι
492 2417 656 2506 λέγεται].
706 2417 744 2482 ln
773 2417 888 2486 eodem
921 2442 1017 2510 opere
1047 2420 1206 2487 emblema
1227 2434 1346 2489 natum
1368 2436 1437 2503 est,
1457 2435 1487 2488 ut

310 2548 405 2616 saepe
433 2526 490 2605 lit,
510 2548 546 2591 es
569 2523 740 2614 depravata
769 2523 930 2604 lectione,
953 2547 1018 2615 qua
1040 2539 1182 2593 correcta
1204 2528 1292 2593 ultro
1313 2530 1435 2596 excidit
1450 2527 1487 2594 ll.

310 2649 347 2696 11.
371 2635 423 2696 20.
443 2633 497 2695 οὐκ
519 2630 646 2713 ἔφασαν
671 2628 762 2693 πόλιν
788 2630 1001 2710 ἀνδραποδιεῖν
1021 2632 1112 2710 μέγα
1136 2633 1257 2710 ἀγαθὸν
1280 2635 1486 2715 εἰργασμένην

310 2737 341 2800 έν
369 2745 434 2808 τοῖς
464 2734 608 2813 μεγίςοις
634 2733 778 2805 κινδύνοις
805 2733 982 2812 γενομένοις
1003 2748 1043 2819 τῆ
1066 2737 1216 2810 Ἑλλάδι,
1243 2738 1384 2805 emenda
1406 2739 1487 2819 μέγα

309 2842 429 2921 ἀγαθὸν
455 2877 499 2893 -
515 2837 682 2917 γενομένην
698 2847 737 2920 πῆ
758 2837 889 2904 ‘aaran
909 2850 942 2904 et
957 2840 1166 2921 εἰργασμένην
1185 2864 1225 2908 eo
1241 2843 1384 2924 redibit,
1409 2841 1485 2910 node

309 2946 394 3012 male
415 2945 533 3034 pedem
554 2942 674 3008 intulit.
721 2943 794 3009 llio
817 2943 892 3010 loco
915 2944 1037 3019 lactum
1056 2958 1103 3012 est
1129 2959 1166 3012 ut
1185 2947 1405 3040 interpolator
1427 2963 1487 3017 tur·

309 3051 395 3140 piter
429 3060 549 3115 erraret
584 3060 616 3113 et
644 3047 867 3114 incredibilem
900 3071 1041 3116 errorem
1073 3051 1292 3121 xssornoru
1325 3057 1486 3147 affingeret

309 3154 352 3221 ll.
372 3172 407 3220 11.
437 3157 488 3220 13.
507 3156 534 3220 oi
557 3154 582 3217 δ’
603 3153 670 3218 ἐπεὶ
699 3147 776 3229 ἦσαν
803 3155 833 3217 ἐν
856 3156 1023 3238 Σελλασία
1049 3160 1180 3233 πλησίον
1202 3167 1259 3234 τῆς
1284 3169 1485 3240 Λακωνικῆς,

311 3261 371 3328 riri
387 3261 478 3328 docti
497 3259 673 3326 admonent
693 3257 861 3324 Sellasiam
883 3258 916 3324 in
935 3259 1004 3350 ipsa
1024 3260 1183 3328 laconica
1202 3263 1296 3330 sitam
1315 3278 1351 3332 et
1368 3289 1485 3358 expun-

308 3379 389 3458 gunt
417 3367 566 3452 πλησίον,
590 3379 622 3432 at
643 3365 814 3431 Σελλασία
841 3377 906 3431 tam
927 3379 1040 3432 notum
1063 3380 1096 3432 et
1117 3390 1233 3434 nomen
1256 3381 1288 3434 et
1310 3370 1406 3438 locus
1426 3382 1485 3446 est,

309 3488 346 3541 ut
377 3473 546 3541 Σελλασία
579 3480 635 3548 τῆς
660 3479 845 3547 Λακωνικῆς
872 3483 938 3538 tam
963 3472 1113 3563 putidum
1138 3474 1178 3538 sit
1205 3486 1238 3539 et
1255 3477 1387 3564 puerile
1408 3474 1485 3544 acsi

310 3581 381 3671 quis
412 3578 554 3650 Ἐλεντίς
586 3577 636 3643 rel
667 3579 824 3657 Μαρκίων
859 3585 916 3652 τῆς
946 3581 1096 3652 Ἀττικῆς
1125 3580 1159 3645 in
1189 3582 1284 3646 simili
1315 3606 1352 3649 re
1384 3583 1485 3650 dicere

309 3686 477 3754 voluisset:
499 3685 630 3761 πλησίον
652 3690 708 3757 τῆς
735 3691 920 3759 Λακωνικῆς
943 3683 1080 3751 debetur
1100 3687 1219 3766 sciolo,
1243 3691 1301 3777 qui
1317 3689 1387 3755 illis
1409 3701 1485 3756 tem·

308 3793 441 3884 poribpa
460 3791 637 3855 Hellenico
658 3788 879 3877 interpolavit,
900 3812 1001 3880 quum
1022 3814 1117 3858 nemo
1139 3794 1231 3859 sciret
1251 3794 1308 3859 ubi
1333 3807 1486 3862 terrarum

310 3898 389 3963 olim
419 3895 553 3963 Sellasia
582 3895 641 3959 sita
661 3893 783 3959 fuisset.
833 3893 877 3960 Ut
903 3895 994 3960 locas
1015 3918 1078 3962 non
1103 3919 1168 3963 uno
1189 3899 1320 3964 nomine
1342 3915 1440 3969 notus
1457 3912 1486 3968 et

309 4001 427 4066 nobilis
457 3999 554 4064 etiam
582 3997 689 4063 notior
708 3997 764 4060 fiat
780 3998 962 4064 emendabo
982 4000 1090 4068 locum
1111 4002 1280 4070 Potranar
1297 4004 1362 4074 lll.
1385 4012 1438 4075 11.
1459 4010 1485 4074 6.

309 4104 454 4185 Χαβρίας
479 4105 520 4176 είς
546 4100 693 4166 ‘naseas
718 4107 775 4172 τῆς
799 4111 984 4179 Λακωνικῆς
1009 4108 1160 4185 ἐμβαλὼν
1183 4110 1365 4181 evarharde
1387 4136 1496 4182 ποτα,

310 4211 368 4289 μὲν
400 4206 517 4284 διαβάς
540 4205 629 4271 λείαν
659 4204 778 4279 πολλὴν
811 4208 921 4286 λαβὼν
945 4211 1001 4285 τῆν
1025 4213 1083 4290 μὲν
1103 4215 1177 4295 ὑπὲρ
1201 4215 1254 4278 τὸν
1274 4219 1422 4296 ποταμὸν
1445 4218 1484 4290 είς

307 4317 365 4391 τῆν
395 4312 509 4395 φιλίαν
546 4310 791 4392 ἀπεπέμψατο.-
813 4312 853 4378 ad
882 4312 970 4382 hunc
990 4318 1140 4385 nantium
1161 4319 1311 4410 Spartani
1334 4321 1486 4389 adsolant

308 4419 362 4488 καί
398 4418 515 4500 σποοδῆ
544 4416 713 4497 δραμόντες
737 4417 882 4484 διακόσια
906 4422 1003 4490 ςάδια
1026 4424 1241 4514 incomposito
1262 4427 1391 4514 agmine
1411 4427 1483 4495 lessi

307 4525 351 4593 ab
373 4521 503 4612 integris
517 4521 699 4588 funduntur
717 4534 748 4588 et
767 4523 931 4612 fugantur.
962 4527 1023 4595 Pro
1043 4530 1087 4600 είς
1105 4531 1250 4596 Ἑλλοίδα
1269 4529 1484 4600 Clsaunorma

310 4631 464 4699 festinans
494 4631 537 4703 είς
570 4629 666 4703 Ἕλος
697 4630 854 4709 correxit,
887 4631 975 4721 quod
1007 4633 1160 4704 festinans
1193 4636 1323 4706 Conana
1347 4641 1491 4733 recepit,

307 4737 499 4809 Sobridebit
521 4736 580 4830 qui
600 4735 678 4805 baec
696 4737 980 4830 gnmnslocorma
996 4739 1126 4833 releget
1157 4743 1271 4813 Scribe
1288 4749 1333 4822 είς
1355 4757 1484 4817 Σελλα-
