3309 5750
729 749 861 820 19·

155 924 288 994 ταύταν.
336 921 399 990 Sed
425 941 558 991 manum
587 921 627 990 de
650 920 779 997 tabula;
810 921 910 986 tinem
938 917 1054 986 laetam
1078 920 1110 986 in
1143 916 1344 986 emendando

159 1029 323 1098 Scruccms
346 1028 546 1115 lragmcntc,
576 1026 661 1113 quod
683 1035 715 1093 et
739 1025 825 1113 apud
856 1026 1010 1091 tomvrcu
1033 1025 1234 1092 biursecumv
1253 1031 1286 1090 et
1310 1021 1345 1088 iu

162 1133 290 1202 Srornm
312 1134 404 1201 libris
421 1135 561 1220 turpiter
581 1141 770 1219 corruptum
792 1128 1042 1198 circumfertur:

342 1242 451 1314 atter
475 1239 539 1321 γὰρ
564 1240 594 1304 lv
616 1247 755 1304 κακαῖσιν
778 1237 861 1304 οὐδὲν
884 1239 1006 1318 ὠφελεῖ

345 1351 363 1423 ἦ
387 1347 451 1428 γὰρ
472 1346 572 1419 σιωπὴ
595 1346 637 1426 τῷ
658 1348 847 1409 λαλοῦντι
870 1342 1056 1424 σύμμαχος.

165 1450 272 1532 Quum
298 1452 330 1516 in
351 1456 480 1515 vetusto
500 1448 583 1514 libro
605 1450 660 1523 δὼς
692 1449 757 1530 γὰρ
778 1455 861 1513 esset
888 1448 1048 1533 scriptum
1083 1447 1182 1533 stipes
1214 1440 1352 1529 explevit

163 1558 255 1631 ttae,
288 1557 378 1629 αἰδὼς
400 1561 489 1620 recte
514 1554 672 1640 scriptum
693 1560 796 1619 exstat
826 1553 860 1618 in
884 1552 1000 1617 Floril.
1026 1552 1115 1619 Xlll.
1142 1557 1175 1618 9.
1223 1546 1352 1633 Conspi·

165 1667 242 1726 rant
265 1679 376 1726 omnes
400 1659 433 1723 in
458 1662 499 1741 τῷ
528 1666 694 1737 λαλοῦντι,
717 1656 800 1745 quod
824 1657 959 1723 verbum
991 1656 1030 1723 de
1053 1657 1150 1722 trivio
1169 1661 1355 1721 sumtuma

169 1762 342 1850 Sophoclea
365 1762 643 1850 grandiloquentia
674 1764 825 1830 abhorret
849 1772 903 1841 et,
936 1762 1142 1849 quodetiam
1168 1761 1260 1848 peius
1283 1766 1355 1835 est,

167 1869 338 1935 Scrucccrs
355 1867 436 1933 nihil
456 1868 543 1957 dicit.
592 1869 626 1937 Si
650 1889 777 1936 mecum
796 1888 947 1957 repones:

346 1977 364 2052 ἡ
388 1973 465 2056 γαρ
490 1977 588 2050 erucii
612 1978 893 2055 τῶγκαλτῦνττ
917 1974 1103 2056 σύμμαχος.

164 2079 296 2166 utrique
319 2078 402 2145 malo
422 2079 600 2148 medeberis
623 2090 656 2148 et
683 2081 769 2148 unde
791 2088 900 2148 ortum
924 2081 966 2145 sit
987 2078 1195 2163 intelligetur.

621 2318 798 2385 CAPUT
839 2317 908 2384 ΙΙΙ.

211 2524 305 2614 Quod
331 2526 459 2612 saepius
484 2525 549 2592 dixi
573 2536 644 2613 post
668 2529 842 2595 Anrxmonr
867 2535 1025 2607 mortem,
1050 2545 1152 2614 quum
1179 2523 1360 2592 Macedones

168 2640 202 2699 et
221 2630 425 2698 Macedonica
450 2642 661 2718 occupassent
681 2634 805 2710 omnia,
830 2634 1051 2700 sinceritatem
1076 2632 1186 2697 Gracci
1205 2630 1363 2697 sermonis

168 2736 233 2804 labi
258 2744 289 2802 et
320 2738 535 2803 contaminari
559 2740 643 2823 apud
667 2760 771 2803 omues
794 2740 938 2825 primunr
963 2744 1109 2824 coeptam
1135 2733 1363 2814 esse,‘deinde

169 2844 274 2930 magis
295 2843 463 2931 magisque
483 2862 552 2909 esse
577 2842 803 2930 depravatam,
828 2851 864 2909 ut
883 2843 1068 2931 quicunque
1086 2852 1170 2910 esset
1189 2841 1363 2921 eruditior,

169 2955 279 3035 spreta
298 2947 408 3034 lingua
432 2948 636 3035 popularium
659 2951 773 3015 vitiosa
797 2958 828 3016 et
850 2952 976 3037 inepta,
998 2948 1199 3016 artificialem
1222 2949 1283 3014 sibi
1306 2948 1365 3015 lin·

171 3072 269 3139 guam
302 3073 341 3118 ex
373 3055 582 3140 antiquorum
611 3054 848 3122 Atheniensium
882 3057 1013 3143 scriptis
1035 3055 1221 3142 colligeret,
1246 3074 1309 3140 qua
1333 3062 1366 3122 et

173 3157 396 3224 inscribendo
426 3165 575 3226 uteretur
597 3161 677 3227 etsi
701 3161 828 3247 quando
850 3160 890 3226 ad
910 3161 1055 3228 eruditos
1077 3168 1109 3227 et
1128 3159 1291 3246 elegantes
1311 3178 1366 3225 au·

174 3263 297 3329 ditores
310 3262 407 3329 verba
420 3263 556 3341 laceret,
577 3285 646 3331 eam
661 3274 769 3332 autem
779 3266 924 3353 linguam
938 3275 1008 3333 arte
1021 3276 1053 3333 et
1065 3264 1173 3331 studio
1185 3265 1366 3351 quaesitam

173 3369 394 3436 sinceritatem
429 3370 588 3435 naturalis
619 3370 748 3454 linguae
781 3393 844 3436 non
877 3371 1034 3437 illibatam
1067 3377 1099 3436 et
1124 3371 1277 3434 intactam
1304 3388 1369 3434 ser·

173 3495 252 3542 vare
275 3473 332 3540 sed
357 3474 445 3538 vitiis
469 3473 660 3559 quibusdam
682 3475 750 3540 suis
774 3483 806 3541 et
828 3476 958 3561 ineptiis
974 3472 1059 3560 apud
1081 3492 1192 3537 omnes
1217 3471 1369 3537 inlectam

175 3588 208 3646 et
231 3580 435 3666 inquinatam
460 3597 545 3655 esse,
573 3577 605 3642 id
629 3599 715 3645 nune
736 3579 830 3665 quale
855 3581 897 3644 sit
919 3577 1050 3643 uberius
1068 3578 1099 3639 in
1123 3594 1186 3640 unc
1206 3574 1371 3660 alteroque

176 3686 335 3771 scriptore
368 3683 484 3748 Graeco
508 3681 685 3748 ostendam.
734 3684 842 3764 Quum
874 3681 966 3748 lacile
997 3681 1164 3768 negotium
1192 3680 1235 3743 sit
1266 3685 1370 3745 osten·

177 3790 255 3857 dere
272 3788 333 3854 hcc
346 3790 378 3853 in
392 3789 549 3875 scriptore
570 3787 728 3875 quolibet,
753 3789 808 3876 qui
834 3787 976 3854 deseruit
996 3785 1104 3874 populi
1129 3785 1277 3852 vitiosam
1298 3805 1370 3852 con·

178 3892 407 3971 suetudinem,
439 3901 476 3959 ut
504 3913 539 3961 se
562 3900 668 3960 totum
692 3894 732 3961 ad
754 3894 929 3961 Atticorum
956 3892 1170 3959 imitationem
1202 3912 1371 3977 compone·

178 4007 250 4077 ret,
283 3997 450 4064 ostendam
474 4019 561 4065 nunc
594 3999 628 4065 in
652 4000 797 4078 duobuS,
822 4001 878 4087 qui
906 4007 938 4066 et
962 4018 1090 4066 summo
1125 3998 1233 4064 studio
1255 3999 1290 4064 τὸ
1314 4000 1371 4064 ατ-

179 4105 307 4188 cruitur
339 4103 549 4170 excoluerunt
580 4114 611 4172 et
637 4106 669 4171 in
698 4108 844 4172 omnium
876 4105 1026 4172 manibus
1050 4111 1144 4182 sunt,
1176 4102 1372 4188 exemplaria

180 4210 332 4278 videlieet
352 4210 468 4274 nitoris
491 4217 523 4276 et
552 4211 732 4277 venustatis
756 4210 877 4277 Atticae
903 4209 1042 4277 feliciter
1065 4208 1223 4275 imitando
1244 4228 1372 4294 expres·

183 4336 257 4397 sae,
284 4322 317 4382 et
346 4314 386 4380 ob
412 4334 482 4381 eam
514 4334 583 4381 rem
613 4315 791 4382 multorum
816 4317 906 4383 curis
928 4318 993 4382 iarn
1018 4314 1141 4380 dudum
1167 4314 1320 4380 illustrati
1341 4322 1374 4380 et

182 4421 407 4491 recentissima
439 4422 595 4488 memoria
627 4441 646 4487 a
677 4423 803 4509 magnis
835 4422 1003 4510 philologis
1034 4418 1073 4486 de
1109 4440 1191 4485 novo
1221 4419 1374 4506 expoliti,

185 4531 397 4596 dtcvrnronnu
422 4525 493 4593 dico
516 4535 548 4593 et
571 4526 746 4606 Lucrinum,
770 4547 909 4614 quorum
930 4526 1018 4593 bunc
1047 4526 1209 4590 Bannenus
1229 4525 1375 4612 nuperri-

185 4652 259 4711 me,
293 4631 385 4698 illum
417 4633 587 4699 blmnnvnus
611 4632 705 4720 paulo
735 4643 810 4700 ante
834 4632 945 4700 edidit.
993 4632 1038 4698 lle
1058 4639 1196 4717 utroque
1219 4632 1377 4714 scriptore

188 4740 232 4806 ita
262 4739 388 4816 dicam,
415 4746 451 4804 ut
485 4738 703 4806 demonstrem
735 4740 878 4825 primunr
908 4756 1003 4825 quam
1039 4755 1154 4823 parum
1178 4736 1244 4801 sint
1274 4733 1306 4797 id
1328 4752 1377 4798 as-

189 4845 313 4923 secuti,
338 4844 423 4931 quod
444 4863 570 4913 summa
594 4864 652 4933 ope
673 4843 878 4922 nitebantur,
902 4843 1004 4910 idest
1030 4850 1066 4908 ut
1085 4842 1204 4907 Atticae
1227 4838 1377 4904 dictionis

1174 4952 1186 4986 2
1201 4947 1210 4964 .
