3309 5750
825 626 891 690 322

269 850 365 919 quem
395 825 428 890 in
458 822 608 916 populari
633 841 779 886 sermone
800 817 863 885 hoc
885 820 1043 911 significet
1064 823 1347 903 commemorabo,
1372 824 1449 892 illud

267 935 476 1021 meminero),
504 932 699 1008 κεκλήσομκι
725 949 785 1018 pro
811 930 1028 1007 κληθήσομοιι,
1052 926 1264 1007 βεβλήοομονι
1289 951 1353 1021 pro
1372 930 1449 1010 βλη-

268 1041 411 1119 οιὶοομοοι.
458 1038 496 1103 In
520 1037 670 1102 Droonnn
695 1032 844 1099 Lrerrrro
868 1032 924 1098 IX.
949 1035 993 1097 60
1015 1052 1074 1123 pro

515 1137 712 1221 βλνθήσετονί
738 1162 786 1210 τις
811 1140 882 1202 θεῶν
906 1137 1059 1221 βροτησίᾳ
1082 1136 1164 1218 χερί.

269 1247 382 1338 optimi
418 1246 545 1313 codices
573 1244 654 1310 mihi
681 1242 840 1308 dederunt
866 1242 1087 1340 Betitrlwfar,
1112 1254 1149 1308 ut
1169 1252 1260 1308 recte
1282 1243 1449 1333 legiturin

268 1354 444 1421 cosmon
475 1351 596 1419 Oreste
624 1374 667 1417 rs.
689 1354 766 1416 265.
815 1345 957 1413 Omnino
978 1348 1011 1412 in
1031 1346 1081 1413 his
1100 1347 1213 1414 formis
1232 1349 1350 1416 neseio
1373 1373 1448 1441 qno·

267 1459 365 1525 modo
387 1456 594 1526 Grammatici
614 1453 827 1547 negligentius
848 1452 963 1519 versati
984 1465 1067 1518 sunt.
1092 1452 1342 1536 Burrrrnrrnus,
1358 1478 1447 1547 quem
1488 1474 1493 1487 ·

267 1587 364 1631 nemo
395 1565 501 1630 adhuc
532 1563 619 1653 quod
647 1562 744 1627 sciam
770 1562 803 1625 in
832 1559 895 1625 hoc
914 1581 1029 1649 genere
1050 1562 1224 1650 supererit,
1249 1562 1310 1627 ubi
1330 1561 1445 1628 dehoc

268 1671 378 1737 loturo
398 1672 462 1761 ogit
481 1671 514 1735 in
536 1668 683 1734 Gromm.
708 1666 768 1734 Gr.
790 1666 952 1756 Ampliss.
974 1668 1056 1750 §99
1083 1664 1163 1732 haec
1182 1668 1335 1759 exempla
1351 1691 1446 1759 eppo·

269 1777 332 1842 nit:
357 1776 630 1853 πενιοιιδεύοομοιι,
645 1773 872 1851 meretricemne,
888 1770 1101 1848 πεπείσνμννι,
1116 1770 1324 1853 τετύφομονι,
1339 1772 1444 1855 respui·

267 1886 371 1959 ψομοιι
403 1890 435 1943 et
462 1876 684 1955 δεδικαίωμαι,
719 1898 857 1965 quorum
887 1874 1014 1941 nullum
1039 1897 1174 1964 usquam
1196 1876 1230 1941 in
1256 1876 1443 1943 Graecorum

270 1981 395 2073 scriptis
418 1981 556 2047 occurrit
574 1992 701 2071 praeter
717 1980 942 2060 cellicolarum,
968 1981 1056 2069 quod
1075 1978 1221 2049 Lucum
1241 1982 1324 2049 vitio
1340 1995 1440 2049 netum

269 2100 332 2168 est,
367 2099 402 2152 ut
431 2086 583 2165 diximus,
615 2098 647 2151 et
674 2084 800 2151 nullum
826 2097 874 2151 est
895 2087 1074 2177 perlectum
1095 2087 1128 2151 in
1148 2111 1291 2168 -ονομοιι,
1316 2113 1441 2169 -εομιιι,

268 2218 395 2274 uocem,
426 2217 557 2273 -οομοοι,
589 2217 724 2272 -νομοιι,
748 2192 835 2259 unde
856 2192 1001 2258 futurum
1021 2192 1229 2283 producatur.
1280 2194 1445 2261 Dicnmde

269 2299 320 2366 his
337 2300 405 2391 ipse
427 2299 489 2365 elio
513 2299 584 2364 loco
605 2310 637 2364 et
658 2299 743 2365 unde
764 2300 920 2390 digressus
941 2322 1011 2365 sum
1030 2300 1140 2365 redeo:
1165 2302 1369 2383 ἀποσκώψας
1396 2299 1445 2383 ἔον

270 2405 350 2472 dirit
380 2406 568 2484 Lucrrnus,
602 2406 677 2495 quia
706 2406 839 2486 ἔοκωφοι
869 2417 901 2470 et
926 2407 1108 2489 οὶκέοκονφκ
1133 2428 1199 2471 non
1220 2418 1314 2472 erent
1336 2408 1371 2473 in
1392 2428 1444 2473 usn

269 2512 322 2577 διὰ
350 2513 385 2577 τὸ
412 2512 517 2591 τοκχὺ
549 2511 601 2575 ext
629 2511 826 2593 κοικόφωνον,
853 2511 938 2601 quod
960 2511 1036 2576 dum
1057 2512 1136 2577 vitat
1157 2512 1272 2579 incidit
1293 2514 1329 2579 iu
1348 2514 1445 2579 soloe·

271 2617 425 2695 ciemnm,
443 2616 534 2680 cuius
556 2614 774 2680 defensionem
787 2615 855 2681 noli
870 2617 1028 2708 suscipere
1040 2617 1082 2681 ob
1093 2617 1203 2683 locum
1214 2618 1447 2686 Xenomenes

270 2723 305 2788 iu
330 2723 486 2789 Anchari
516 2720 587 2786 Vll.
608 2739 652 2786 vl.
675 2724 717 2785 36
737 2720 833 2801 ἄνδρν
852 2720 1086 2793 κατακανόντες
1111 2721 1233 2800 ἔσεσθε,
1260 2724 1319 2790 ubi
1337 2725 1446 2792 melio·

270 2851 319 2896 res
354 2827 428 2894 libri
465 2840 591 2894 serrant
621 2808 891 2907 recenseamus}
927 2828 1014 2918 quod
1043 2841 1209 2920 receptum
1239 2855 1258 2897 n
1287 2834 1447 2926 plerisque

271 2948 327 3001 ert.
375 2932 416 2997 At
445 2932 526 2998 mihi
554 2933 657 2997 forme
684 2931 801 2996 κὲκκνοι
823 2933 1003 3022 penultima
1027 2934 1115 3001 brevi
1137 2938 1186 3024 (ut
1206 2937 1446 3030 ὶιικιιτέκνινον)

271 3063 289 3105 n
319 3038 439 3105 Graeca
468 3037 614 3128 anologio
638 3060 767 3127 prorsus
787 3037 960 3105 abhorrere
982 3041 1127 3122 ridetur,v
1151 3056 1262 3110 contre
1283 3048 1447 3126 ἑλληνικο-

270 3143 353 3222 rolrn
385 3145 489 3213 forma
521 3160 587 3226 est,
621 3169 703 3237 quae
732 3145 765 3211 in
790 3147 913 3213 miseris
932 3148 1046 3224 λέξεων
1067 3162 1212 3216 veterum
1232 3153 1382 3244 reliqniis
1398 3153 1446 3221 rix

270 3252 423 3343 emergit,
456 3251 582 3332 κέκονκ,
616 3274 699 3342 quoe
724 3251 810 3343 opud
841 3252 1039 3319 Hnsrcnrurr
1070 3255 1200 3345 quidem
1230 3261 1330 3348 periit
1358 3262 1392 3327 in
1418 3279 1446 3326 r.

271 3359 413 3425 κέκοκενε
455 3358 541 3449 quod
577 3359 709 3439 ἔγνωκεν
748 3359 764 3434 ἢ
791 3359 990 3433 ‘recrescere
1021 3362 1098 3427 olim
1126 3364 1323 3454 significasse
1353 3367 1446 3444 dicit,

271 3464 473 3533 confundens
508 3462 653 3539 κεκδνκεν
686 3472 717 3526 et
746 3462 885 3541 κε’κονεν,
920 3465 973 3530 sed
1002 3469 1099 3532 erasit
1127 3469 1161 3534 in
1182 3470 1333 3538 Erruon.
1353 3471 1397 3539 M.
1416 3495 1446 3562 p.

274 3575 355 3650 500,
390 3579 443 3653 55.
485 3569 648 3634 Κέκονοιε
683 3566 771 3648 κοινοὶ
800 3575 974 3650 Σοφοκλεῖ,
1005 3594 1042 3636 ex
1070 3595 1131 3662 qun
1153 3575 1250 3665 stirpe
1270 3579 1448 3668 progermi-

272 3689 390 3743 nerunt
419 3674 527 3741 κόννον
550 3672 667 3757 (scribe
687 3671 804 3760 κονοιι’)ε
828 3672 931 3756 φόνοι,
956 3685 988 3739 et
1011 3676 1244 3757 eriperentur:
1269 3676 1446 3764 οὶνδοοφόνοι

272 3783 307 3848 in
334 3805 409 3872 gaza
435 3780 670 3844 Hnsrcntrnn:
694 3777 804 3866 itaque
825 3777 1056 3856 anoruonrl,
1080 3782 1136 3869 qui
1156 3778 1340 3875 saepissime
1361 3787 1448 3854 loni·

273 3908 348 3951 cum
367 3885 548 3950 κοιτκκονίνω
568 3894 701 3970 usurpet
718 3904 777 3970 pro
793 3882 965 3946 οὶποκτείνον
984 3881 1182 3966 Atticorum,
1200 3890 1447 3964 κκτνικεκονδτες

272 3988 478 4054 reddiderim.
527 3987 574 4051 Ex
601 3985 799 4049 κοιτκκὲκονοι
825 3997 936 4049 natum
970 3999 1017 4051 est
1049 3995 1222 4072 κοιτονκονή,
1256 4018 1323 4086 quo
1346 3997 1449 4063 lluttl·

273 4112 368 4161 Plnns
392 4113 466 4158 usus
490 4091 537 4155 e'st
562 4090 594 4153 in
618 4088 804 4178 Hippolyto
830 4112 871 4153 rs.
897 4091 963 4154 816

564 4193 725 4271 muruxoocl
748 4195 805 4271 μὲν
829 4189 878 4258 οὖν
901 4196 1029 4274 οὲβίοτος
1053 4199 1140 4277 βίον,

274 4313 306 4369 et
326 4299 553 4390 receptumcir
576 4299 632 4372 rim
655 4298 807 4379 ορκνικὴν
823 4299 933 4377 Λέξιν,
959 4301 1045 4367 unde
1066 4305 1256 4372 Hnsrcnlus
1274 4309 1450 4400 expromsit

274 4407 437 4475 κνιτκκόνοι
463 4404 568 4492 (scrib.
592 4402 789 4494 κοικονκονοὶ);
813 4405 975 4486 διαφθορά.

319 4511 359 4578 Iu
379 4518 397 4602 §
417 4511 531 4578 eedem
553 4508 638 4600 apud
661 4507 842 4575 Lemnon
861 4512 1007 4600 sequitur
1025 4509 1077 4578 ἴτε
1103 4539 1138 4579 σε
1161 4524 1316 4596 Περικλῆς
1335 4517 1448 4583 ὤπυιεν

274 4641 334 4710 pro
352 4620 454 4701 συνῄει
479 4638 524 4682 σοι
546 4614 654 4705 inepte
674 4613 815 4695 dictum,
835 4614 880 4680 sic
900 4624 1019 4696 γοιμεῑν
1038 4642 1109 4683 κινκ
1128 4617 1276 4685 Graeculi
1294 4620 1448 4688 dicebant

274 4748 333 4813 pro
370 4721 621 4802 ννγνίννεσθοιι,
651 4721 752 4810 ,quod
787 4720 898 4787 uitium
927 4721 1023 4811 ¹opud
1063 4721 1243 4795 Luclnnutt
1278 4727 1449 4816 aliquoties
