3309 5750
852 613 915 680 184

290 842 397 913 ινσερυιτ
424 824 616 883 accentuum
646 819 677 875 ot
706 832 745 874 eo
773 831 889 899 genere
920 807 1068 873 carminis
1098 828 1172 872 usus
1200 818 1247 873 est
1265 815 1384 897 poeta,
1410 812 1473 903 qui

291 928 427 995 fabellas
454 916 723 995 conseribillarit,
747 938 825 1006 quas
855 913 963 980 Codex
990 913 1209 979 Florentinus
1235 928 1350 983 servat.
1372 917 1470 1002 ,Ver-

292 1057 343 1101 sus
373 1043 447 1098 sunt
477 1022 714 1111 dodecasyllabi
741 1034 772 1087 et
792 1020 882 1086 nulla
902 1021 963 1087 alia
985 1021 1055 1110 lege
1077 1021 1178 1085 bonus
1198 1028 1295 1112 poeta
1318 1033 1469 1103 tenetur,

291 1140 352 1207 nisi
382 1150 416 1203 ut
443 1136 529 1200 hune
550 1130 728 1221 legitimum
754 1150 924 1192 numerum
946 1128 1142 1215 syllabarum
1163 1128 1298 1218 expleat.
1342 1129 1468 1197 Fabula

294 1248 357 1312 122
380 1252 503 1308 constat
522 1238 570 1303 his
592 1234 749 1302 versibus:
773 1233 989 1313 Μικρέροπορίς
1004 1258 1051 1306 τις
1066 1232 1179 1313 ὀνοίριον
1197 1233 1346 1313 κατέχων
1361 1238 1466 1309 Αὐτὸς

291 1356 394 1419 ὠνεῖτο
419 1346 550 1413 οὶλοίτιου
578 1345 620 1414 είς
646 1340 773 1414 πλῆθος.
811 1338 872 1402 Καὶ
896 1339 930 1412 δὴ
950 1341 1114 1420 φορτώσας
1137 1339 1274 1419 σφοδρῶς
1296 1341 1395 1404 αὐτοῦ
1414 1342 1466 1406 τὸν

291 1454 354 1520 ίνον
391 1448 566 1533 ’Τποζυγίιρ
593 1446 713 1534 ’ἤλαυνε
745 1442 891 1524 λεωφόρῳ
922 1441 984 1513 Ὃς
1012 1442 1178 1516 ίλισίήσας
1207 1444 1255 1513 eis
1287 1441 1362 1524 ὕδωρ
1394 1446 1467 1510 ε’πε-

292 1561 419 1625 πτιίκει.
444 1554 504 1619 Καὶ
527 1553 561 1626 tt
578 1549 728 1614 λυθέντων
745 1548 803 1609 τῶν
827 1547 911 1609 οὶλῶυ
929 1546 1111 1626 παραυτίκα
1135 1546 1234 1616 nolte
1253 1546 1365 1627 ἦγέρίνρ
1391 1548 1466 1614 οὶκί-

292 1678 356 1737 αως
379 1659 574 1742 βηματίζων.
610 1657 650 1718 ‘0
674 1654 700 1717 δ’
721 1651 900 1731 ὑποτρίψας
924 1651 976 1714 καὶ
997 1649 1094 1715 ποίλιν
1117 1650 1225 1727 λαβὼν
1250 1649 1335 1724 οίλας
1361 1662 1466 1719 Κατε-

292 1753 450 1835 πεπτιίκει
474 1764 516 1834 είς
537 1756 682 1835 ποτοίμια
704 1758 805 1837 ῥεῖθρα
828 1755 889 1819 Καὶ
910 1755 1095 1820 ἐκλυθέντωυ
1121 1753 1218 1819 ποίλιυ
1242 1761 1300 1819 τῶν
1323 1757 1467 1825 οὶλατίων

293 1869 501 1949 Ἐξανέςνσεν
524 1864 633 1929 ἑαυτὸν
656 1860 848 1940 παραυτίκα.
882 1863 920 1925 ‘0
942 1861 973 1925 δὲ
1000 1860 1146 1936 λυπηθείς
1170 1861 1183 1924 ὁ
1206 1860 1304 1942 κύριος
1328 1869 1384 1929 τοῦ
1400 1863 1466 1931 ὄνου

294 1972 481 2047 Ἐπενίνρσεν
506 1969 601 2031 αὐτοῦ
631 1965 690 2036 τας
713 1963 848 2036 ἐπινοίας
871 1964 964 2037 “Oete
990 1966 1124 2029 ἕπελίίου
1149 1967 1191 2036 είς
1211 1962 1265 2029 ’ἕνα
1288 1971 1349 2032 τῶν
1372 1994 1465 2051 μυρε-

293 2078 445 2160 ψοιίντων.
478 2072 636 2159 (tenemus
656 2067 818 2133 fraudem:
844 2068 968 2134 aceedit
987 2068 1251 2158 5111111660151
1271 2073 1379 2153 tertia,
1398 2074 1468 2165 lege

293 2188 353 2248 τῶν
375 2178 550 2263 μυρεψῶν.)
582 2174 779 2251 Ἐξωννίσατο
805 2174 966 2252 σπόγγους
996 2176 1130 2248 πολλοὺς
1157 2178 1199 2249 είς
1229 2177 1311 2258 κίρου
1338 2180 1466 2264 Οἱίοπερ

293 2287 406 2358 ἐπιθείς
441 2283 622 2365 πεφίρτωκε
654 2280 705 2344 τὸν
737 2278 810 2344 ὄνον.
859 2282 897 2344 ‘0
927 2281 958 2344 δὲ
984 2282 1083 2345 οίπιὼν
1113 2282 1288 2347 κατέπεσεν
1317 2285 1361 2357 είς
1390 2284 1465 2368 ὕδωρ
1501 2323 1503 2327 ·

292 2393 354 2459 Καὶ
386 2386 568 2469 παραυτίκα
596 2384 799 2449 κολασθέντων
830 2390 889 2449 τῶν
918 2385 1069 2464 σπόγγων
1096 2387 1218 2464 Ἤγετο
1248 2386 1311 2460 ὄνος
1336 2390 1465 2457 διπλοῦν

292 2496 390 2578 βοίρος
413 2492 574 2575 βαςοίζωυ.
610 2489 850 2556 Eiusdemmodi
871 2492 1027 2569 earmina,
1048 2492 1135 2558 iratis
1156 2492 1253 2559 Musis
1273 2496 1466 2585 composita,

285 2602 443 2689 leguntur
471 2599 505 2663 in
537 2596 654 2662 fabulis
685 2598 837 2690 21-25,
862 2600 924 2675 76,
943 2600 1008 2675 81,
1029 2603 1090 2675 83,
1113 2602 1165 2677 87,
1186 2604 1248 2679 94,
1273 2604 1355 2680 101,
1383 2606 1467 2679 111,

295 2710 375 2786 114,
403 2706 597 2784 119-122,
628 2706 708 2779 134,
736 2705 815 2779 146,
843 2706 1028 2781 150-157,
1056 2708 1252 2785 169-175,
1278 2709 1352 2785 187,
1384 2710 1465 2785 189,

295 2816 359 2879 196
379 2824 410 2877 οι
435 2812 499 2873 198
520 2818 551 2872 et
569 2806 603 2869 in
625 2805 779 2869 Vaticano
801 2803 920 2871 Codice
940 2810 1138 2889 348-350,
1163 2814 1228 2875 352
1249 2823 1280 2876 et
1303 2815 1388 2892 362,
1408 2811 1465 2904 qui

293 2920 376 2985 liber
401 2917 450 2981 his
470 2911 651 3005 quisquiliis
671 2910 825 2975 admixtos
848 2911 944 2976 babet
965 2914 1085 2978 Bnnnn
1108 2913 1305 2982 choliambos
1324 2918 1466 3006 integros

294 3036 349 3089 ant
368 3022 479 3087 leviter
499 3031 665 3108 corruptos
686 3017 718 3081 in
738 3015 855 3081 fabulis
868 3021 944 3094 351,
963 3023 1043 3096 355,
1062 3024 1144 3098 358,
1167 3025 1251 3099 360,
1267 3027 1465 3102 eoa-369,

293 3133 368 3205 371,
388 3130 471 3202 374,
492 3126 557 3188 378
578 3134 610 3187 et
631 3126 706 3188 379.
754 3120 807 3187 Sic
837 3122 966 3188 demum
997 3125 1156 3214 intelliges
1183 3149 1240 3191 cur
1269 3129 1301 3193 in
1325 3128 1391 3193 istis
1411 3127 1461 3192 fa-

162 3250 174 3314 ᾗ
291 3233 386 3300 bellis
407 3244 454 3298 tot
474 3228 606 3295 voculae
627 3228 747 3293 otiosae
769 3230 959 3294 sententiam
983 3243 1132 3309 onerent,
1165 3233 1260 3297 verba
1284 3234 1462 3324 composita

291 3340 399 3430 inepte
429 3333 624 3426 simplicium
647 3335 749 3399 vicem
779 3333 964 3414 obtineant,
997 3348 1032 3399 ut
1055 3336 1088 3400 in
1110 3337 1166 3415 iis,
1190 3361 1273 3428 quae
1292 3339 1463 3430 adscripsi·

173 3479 177 3486 ·
289 3467 361 3511 mus
393 3444 538 3522 κατέχων
569 3463 628 3530 pro
658 3439 739 3520 ἔχων
773 3452 804 3505 et
835 3442 1037 3517 ε’κλυίὲντων,
1069 3442 1274 3522 ἐξανίςκσεν,
1306 3446 1460 3521 ἕπελίιίν,

290 3551 483 3629 ἐξωνήσατο,
509 3534 634 3612 'deinde
665 3546 759 3611 verba
787 3547 956 3636 perinepte
979 3547 1177 3612 traiiciantur
1192 3555 1226 3613 et
1246 3551 1349 3616 multa
1370 3573 1464 3616 roca·

290 3655 367 3720 bula
389 3676 583 3743 supervacua
602 3651 800 3718 adiiciuntur.
850 3653 937 3716 llaec
957 3653 1063 3717 omnia
1086 3662 1201 3743 poetae
1220 3657 1292 3736 πρὸς
1313 3657 1348 3721 τὸ
1365 3681 1462 3737 κεχορ-

290 3761 338 3833 νὸς
362 3764 416 3825 τοῦ
442 3763 455 3839 ρ
478 3760 553 3837 ίμοῦ
574 3757 799 3822 moliebantur.
843 3756 991 3846 Denique
1010 3760 1172 3848 egregium
1194 3771 1240 3825 est
1261 3759 1322 3824 hoe
1342 3761 1464 3850 praesi-

223 3896 237 3909 ·
291 3864 380 3931 dium
411 3861 651 3927 emendationis.
704 3860 803 3925 Fraus
837 3862 943 3926 statim
973 3864 1114 3953 perpluit
1147 3877 1179 3929 et
1207 3863 1347 3930 remedia
1376 3877 1462 3930 certa

290 3981 382 4048 sunt,
407 3993 433 4034 r.
447 3990 473 4032 e.
494 3969 525 4031 in
548 3966 657 4031 fabula
678 3969 731 4032 76.
755 3966 1020 4047 Πελαργίςείροι,
1038 3971 1247 4049 εὐσεβὲςατον
1264 3972 1351 4054 ζῷον,
1367 3970 1461 4043 “Oete

289 4074 401 4154 πατέρι
424 4074 476 4138 καί
503 4073 612 4153 ματέρι
639 4071 800 4144 δουλεύων,
825 4077 914 4152 Τνρρῶ
938 4073 990 4136 καί
1014 4075 1124 4155 χρείαν
1149 4078 1220 4157 οὐχί
1243 4076 1320 4155 μίαν
1346 4076 1466 4140 τούτων

291 4179 363 4269 quis
382 4177 530 4243 dubitare
548 4187 653 4268 potest
678 4176 756 4266 quin
777 4199 886 4242 rerum
908 4177 961 4242 sit:
986 4167 1137 4253 δουλεύω,
1159 4186 1247 4261 Τνρῶ
1272 4182 1325 4245 καὶ
1351 4180 1465 4260 χροιαν

290 4286 351 4362 οὐχ
377 4283 484 4361 ίροοίαν
503 4294 541 4365 τῇ
567 4283 681 4348 τούτων
712 4296 743 4348 et
772 4278 816 4349 in'
834 4295 973 4349 extrema
1003 4284 1125 4349 fabula:
1160 4286 1364 4366 Συνελιίφίνς
1388 4284 1461 4362 μετ’

291 4388 391 4452 αὐτῶν
409 4387 461 4452 καί
480 4387 624 4469 τείνήξρ,
650 4389 745 4454 etiam
765 4389 822 4480 qui
845 4388 925 4454 nihil
946 4412 1097 4480 umquam
1118 4390 1366 4467 emendarit,.et
1386 4411 1464 4478 pro-

290 4503 399 4582 pterea
428 4515 497 4558 eam
518 4504 618 4558 artem
638 4493 719 4560 nibil
740 4495 827 4587 qnod
849 4509 974 4562 eertum
994 4497 1033 4560 sit
1053 4520 1163 4587 parere
1184 4520 1276 4588 posse
1298 4495 1463 4586 opinatur,

291 4597 331 4663 ad
359 4597 494 4689 primam
520 4599 691 4666 lectionem
712 4600 897 4682 συντείννίξρ
916 4602 1054 4691 reperiet
1075 4614 1107 4667 et
1126 4603 1186 4668 sibi
1207 4604 1275 4694 ipse
1295 4600 1369 4667 satis
1390 4621 1463 4664 cre·
1522 4646 1531 4652 -

211 4725 217 4738 ·
292 4700 346 4768 det
374 4703 458 4771 hano
485 4703 741 4774 emendationem
762 4728 829 4773 esse
849 4717 977 4776 eertum.
1025 4708 1244 4778 Librariorum
1265 4707 1351 4776 enim
1373 4706 1461 4773 frau-
