3309 5750
861 643 1011 708 206.

593 834 678 907 τουτί
702 838 739 905 τό
762 842 801 917 γ’.
819 835 894 916 ἐμδν
917 834 1184 914 eunt-aorosia·
1206 859 1266 893 ..κϊ
1333 877 1337 883 -
1372 885 1377 893 .

594 944 731 1027 παρέχον
748 944 898 1014 τύπτειν,
924 947 1047 1020 πεινῆν,
1071 942 1178 1020 διψῆνε
1210 968 1212 972 ·

305 1052 361 1120 ubi
385 1050 516 1120 emenda
536 1051 621 1116 τουτί
642 1050 756 1127 τοῦμδν
777 1048 869 1125 σῶμ’,
892 1045 951 1109 nisi
970 1045 1042 1134 quis
1059 1043 1240 1135 perspicere
1261 1044 1393 1133 poterit
1411 1044 1481 1134 quid

304 1161 365 1227 sibi
403 1184 442 1237 γε
480 1157 567 1225 velit.
629 1153 785 1221 Constans
822 1164 963 1237 veterum
989 1173 1065 1217 usus
1090 1164 1138 1217 est
1165 1150 1199 1215 iu
1228 1148 1360 1216 talibus
1392 1151 1482 1218 serbo

304 1263 455 1345 παρέχειν
471 1262 628 1328 subiicere
642 1262 776 1326 aotiram
792 1258 880 1328 serbi
896 1258 1045 1324 formam:
1064 1258 1192 1340 παρέχω
1205 1257 1351 1335 τέμνειν,
1364 1257 1480 1331 παίειν,

303 1368 449 1447 τύπτειν,
474 1377 607 1445 πατεῖν,
630 1367 755 1433 similia.
804 1365 950 1432 Graviter
972 1364 1069 1454 igitur
1088 1363 1204 1429 errarit
1223 1362 1409 1430 Lucullus
1430 1366 1479 1440 18,

307 1480 336 1539 1.
368 1472 455 1538 πόσοι
482 1473 582 1537 Μίδαι
610 1473 803 1552 μετέπεισαν
834 1473 929 1535 αῦτὸν
955 1470 1116 1550 μονονουχὶ
1143 1471 1195 1535 τὸν
1217 1466 1326 1549 ἕτερον
1354 1470 1437 1535 πθδα
1453 1471 1478 1533 ἐν

303 1579 345 1659 τῷ
380 1576 530 1657 πορθμείῳ
561 1575 679 1657 ἔχοντα
709 1576 861 1657 παρέχειν
894 1575 1003 1639 ἑαυτὸν
1035 1572 1181 1639 ἕλκεσθαι
1220 1572 1276 1637 κἰιί
1313 1574 1477 1655 σύρεσθαι,

305 1683 466 1773 sequiores
493 1682 617 1771 saepius
645 1681 689 1747 ita
719 1692 872 1771 peccant,
903 1689 936 1743 at
962 1677 1130 1744 Lucrinus
1146 1679 1215 1769 ipse
1235 1677 1340 1758 alibi,
1365 1690 1478 1744 veteres

247 1787 255 1795 ”
305 1810 491 1876 numquam.
536 1786 652 1865 ln10,
680 1790 735 1865 15,
762 1789 789 1853 1.
811 1788 928 1863 οῖγεννῆ
953 1784 1024 1848 τινὰ
1047 1784 1158 1866 Φρόγοι
1183 1784 1338 1873 [δειλόν],
1360 1796 1393 1851 et
1411 1806 1479 1850 mor

305 1893 357 1956 τόν
379 1892 506 1966 Πῆλέιος
530 1892 561 1955 δὲ
585 1891 695 1980 [υἱόν],
717 1904 749 1957 et
772 1895 828 1969 10,
853 1893 912 1961 26,
941 1891 971 1954 1.
990 1890 1051 1969 οὐχ
1068 1890 1123 1964 ῆδῦ
1145 1884 1179 1963 ἦν
1201 1890 1338 1978 [ζῶντα]
1358 1891 1430 1973 ῦρῦν
1445 1889 1477 1955 τῦ

305 2000 391 2077 Φιῦς,
419 1997 475 2071 15,
501 1998 543 2058 33
567 1996 601 2069 ῆν
621 2018 693 2059 τινα
714 2001 773 2059 τῶν
795 1993 1002 2074 μεμυημένων
1024 1994 1091 2058 taur
1119 1993 1380 2084 [ἐξαγορεύοντα]
1406 2003 1476 2061 τοῖν

306 2102 390 2165 θεαῖν
422 2098 536 2189 (scribe
562 2108 625 2164 τοῖν
658 2101 749 2187 θεοῖν)
782 2098 965 2179 τιῦπθρρκτοι
997 2096 1079 2186 [καί]
1108 2086 1335 2180 ἐξορχούμενον
1358 2102 1476 2180 οίγανα-

306 2206 428 2284 κτῆσαι,
452 2204 509 2295 qui
528 2205 703 2295 elegantius
722 2204 954 2295 loquebantur,
976 2202 1125 2269 dicebant
1139 2204 1181 2269 τόι
1193 2206 1354 2286 μυςῆριοο,
1367 2202 1476 2286 τιέπθρ·

305 2333 384 2389 ρῆτα
417 2310 610 2391 ἐξορχεῖσθαι
646 2334 706 2401 pro
730 2309 941 2391 ἐξαγορεύειν,
969 2320 1003 2373 ut
1022 2310 1089 2399 ipse
1109 2309 1281 2376 Lucullus
1300 2309 1400 2375 docet
1421 2312 1477 2388 38,

309 2419 360 2480 15.
394 2416 489 2480 ἐκεῖνο
519 2416 550 2479 δὲ
579 2416 697 2489 πιόντες
727 2417 889 2482 οὶκοόουσιν
919 2410 966 2479 ότι
994 2415 1066 2487 τοὺς
1094 2415 1413 2495 ἐξαγορεύοντας
1439 2414 1475 2479 τοῦ

305 2520 442 2601 μυςῆριιι
468 2516 712 2599 ἐξορχεῖσθαι
737 2520 883 2598 λέγουσιν
906 2519 932 2583 oi
953 2517 1081 2591 πολλοί,
1108 2517 1179 2607 quis
1200 2516 1300 2606 igitur
1319 2518 1383 2585 ista
1404 2542 1475 2586 oon·

305 2624 439 2713 iungat?
467 2627 525 2702 15,
539 2629 590 2690 43.
613 2625 777 2707 οῦνέρπουσι
801 2624 964 2703 βομβηδὸν
986 2623 1020 2696 νῆ
1041 2623 1105 2688 Διά
1123 2623 1183 2687 καί
1194 2624 1347 2703 βοτρυδὸν
1372 2626 1476 2715 [ἑσμοῦ

305 2729 404 2818 δίκην]
432 2727 482 2795 ίνοι
506 2731 589 2818 [καί]
617 2732 686 2794 καθ’
707 2730 846 2811 Ὅμηρον
870 2728 963 2801 είποο,
987 2726 1144 2817 Tdisiungi'
1162 2750 1228 2793 non
1256 2744 1397 2817 possunt
1422 2732 1475 2811 βο-

304 2835 426 2915 τρυδὸν,
450 2834 501 2901 ίνοι
523 2838 592 2901 καθ’
614 2836 753 2917 ’Όμηρον
780 2833 867 2900 είπυ.
906 2835 962 2910 16,
983 2836 1037 2898 22.
1061 2835 1096 2898 τὸ
1119 2834 1277 2915 τριβώνιον
1302 2834 1473 2925 [πρότερον]

304 2939 380 3010 τίνος
406 2938 547 3022 ι’ίμορΦον
574 2937 654 3005 εἷναί
685 2964 736 3017 μοι
762 2940 890 3011 δοκοῦν,
926 2959 998 3002 nam
1030 2939 1104 3012 τέως
1135 2939 1294 3028 significat
1323 2941 1475 3024 πρότερον.

306 3045 359 3120 17,
379 3045 410 3106 7.
434 3037 492 3106 εἶτ’
513 3039 621 3106 ἔλαθον
645 3041 745 3123 ι’ίμφυ
770 3039 997 3128 [γνροίσοιντερ]
1018 3040 1118 3121 ἔξωροι
1137 3041 1297 3121 γενόμενοι
1318 3047 1375 3111 καὶ·
1396 3045 1477 3122 οὗτος

303 3152 357 3211 τοῦ
383 3147 453 3225 ἐρῦιν
475 3147 614 3217 κοίκεῖνος
634 3151 688 3211 τοῦ
706 3143 923 3223 μεταδιδόναι,
943 3145 1083 3235 corrupit
1103 3147 1315 3237 interpolator
1331 3151 1413 3219 dioti
1429 3177 1477 3220 re·

303 3261 479 3328 numatam,
499 3261 530 3314 et
552 3253 569 3335 §
591 3253 644 3315 25.
665 3245 702 3315 ὧν
722 3249 778 3328 μὲν
798 3247 860 3329 γθιρ
886 3246 990 3336 [ἕνεκα
1009 3255 1067 3314 τῶν
1084 3251 1303 3341 μαθνρμιίτων]Ι
1317 3258 1476 3337 ἐπιθυμεῖν

301 3359 411 3439 φήσας
438 3356 615 3438 παρείληφέ
645 3381 680 3421 σε
705 3354 810 3433 ὀλίγον
841 3355 925 3434 αὐτῷ
957 3355 1067 3434 μέλει,
1098 3355 1160 3421 nisi
1179 3356 1237 3422 illu
1256 3376 1479 3454 expungentur

304 3484 367 3529 non
386 3462 554 3530 constabit
585 3462 740 3529 sententia
769 3460 860 3525 looi..
884 3459 922 3527 ln
953 3463 1009 3539 18,
1031 3465 1062 3527 2.
1094 3464 1132 3528 σὺ
1150 3470 1256 3532 ταῦτα
1279 3468 1355 3547 πρός
1378 3495 1424 3549 με
1450 3471 1479 3559 [ὁΙ

303 3567 456 3655 Σαβῖνοι]
485 3569 539 3644 ῆδν
562 3568 668 3648 λέγεις
699 3591 764 3632 non
793 3589 873 3656 opus
905 3578 971 3631 erat
1000 3565 1165 3634 Sabinum
1184 3573 1478 3654 commonefacere,

304 3672 374 3763 quis
396 3682 488 3739 esset.
528 3675 660 3749 20,13.
690 3667 724 3737 εῦ
746 3697 786 3750 γε
810 3671 921 3745 νῆσόν
945 3673 1061 3750 Ἑρμῆν
1089 3669 1123 3760 [ό
1144 3674 1331 3766 Ἑρμότιμε]
1360 3681 1474 3756 αὐτόν,

302 3770 337 3849 οῦ
358 3777 514 3855 ἐπώνυμος
541 3776 579 3840 ὢν
604 3775 799 3856 τυγχάνεις,
833 3796 931 3865 quam
954 3774 1062 3865 inepte
1080 3777 1306 3868 ¹interpositum
1325 3781 1392 3851 boo
1413 3790 1477 3853 est!

301 3894 463 3972 praeterea
495 3880 529 3953 νῆ
554 3881 606 3945 τὸν
631 3883 747 3959 Ἑρμῆν
769 3881 866 3944 αὐτόν
888 3902 953 3945 non
972 3893 1106 3970 possunt
1126 3882 1241 3954 dirimi.
1284 3884 1323 3955 ln
1346 3892 1408 3970 20,
1427 3895 1476 3960 76.

301 3987 378 4060 λῆθνρ
399 4010 451 4057 τις,
469 3983 526 4052 ἐςα
548 3987 647 4047 αὐτῶν
667 3981 847 4062 θίσπερτιῦν
867 3986 922 4065 πρό
941 3987 1120 4071 Εὐκλείδου·
1136 3989 1299 4077 [θιρχοντος
1319 3997 1479 4077 πραχθέν-

302 4087 397 4176 τυν],
425 4085 632 4178 proverbialis
654 4084 876 4161 haeolooutio
896 4100 961 4168 est,
992 4089 1049 4155 nbi
1070 4091 1326 4185 breviloquentia
1348 4112 1477 4169 venusta

303 4203 350 4263 est
371 4204 402 4258 et
421 4196 467 4280 er}
480 4192 525 4258 rei
544 4203 657 4257 natura
678 4191 840 4282 sequitur3-
859 4193 947 4260 nihil.
961 4194 1153 4268 addiderunt
1175 4205 1234 4281 16,
1251 4210 1282 4268 5.·
1304 4204 1337 4269 τί
1352 4206 1417 4288 γόρ
1435 4233 1476 4287 με

301 4298 352 4369 Ιδεῖ
372 4298 554 4389 πρόγμοιτοι
574 4295 670 4377 ἐχειν
690 4298 733 4361 τοῦ
760 4298 816 4378 πρὸ
834 4299 1003 4374 Εὐκλείδου
1026 4303 1253 4386 ἐξετόζουσανς
1299 4307 1338 4377 Iu
1368 4314 1428 4391 26,
1448 4316 1477 4378 7.

303 4399 434 4483 ἄφθονον
462 4395 496 4475 ἦν
519 4402 553 4466 τδ
579 4404 680 4482 ῥεῦμα
704 4402 756 4468 καί
782 4393 868 4478 πολὺΙ
889 4403 948 4473 τότε
972 4409 1100 4488 ἐνιαχοῦ
1119 4412 1172 4475 καί
1196 4414 1378 4495 ναυσίπορον
1396 4413 1479 4486 εἶναι·

307 4506 502 4595 [δόνασθαι],
533 4508 701 4597 perspicua
730 4531 782 4574 res
803 4521 866 4585 est.
914 4509 953 4575 In
974 4516 1034 4591 27,
1053 4517 1105 4582 22.
1130 4516 1216 4592 ε’νέςν
1248 4520 1275 4607 [ὁ
1299 4521 1402 4610 ἀγὼν]
1435 4521 1475 4588 τό

303 4612 379 4689 παρ’
397 4611 503 4684 αὐτοῖς
523 4612 729 4688 θανατοόσια,
756 4613 960 4704 interpolatio
976 4617 1144 4694 manifesta
1163 4608 1364 4710 minuitloc'i
1385 4627 1476 4718 lopo.

305 4737 380 4780 rem.
428 4715 466 4781 ln
496 4720 629 4796 29,18.
663 4717 758 4792 πόθος
788 4707 936 4786 ῦποίντον
970 4722 1087 4810 [παθῶν
1115 4727 1167 4816 τό]
1199 4731 1474 4808 δυσαλωτότατον,
