3309 5750
881 650 921 711 ll

314 868 317 876 ·
361 828 489 913 Fragm.
512 833 543 894 li.
569 824 592 914 3
615 829 646 889 l.
671 823 906 899 reluctandum
929 828 1096 887 λαλοῦσαι
1121 821 1231 907 putide
1255 842 1312 907 pro
1337 824 1503 903 ὑμνοῦσιν,

317 942 354 1001 ut
377 954 451 999 mox
474 939 537 1005 τοῖς
561 937 672 997 λαλεῖν
695 931 739 1008 μη
763 928 949 1007 δυναμένοις.
974 929 1007 991 in
1032 946 1068 992 eo
1090 927 1187 994 verbo
1210 948 1342 1013 prorsus
1362 929 1503 995 obsoleta

312 1048 366 1106 est
390 1040 437 1105 ris
458 1037 608 1124 antiqua,
632 1054 714 1122 quae
735 1035 855 1120 optime
878 1041 1010 1119 apparet
1030 1033 1063 1097 in
1087 1035 1249 1100 Euronors
1273 1034 1454 1103 versiculo:

592 1150 703 1208 λαλεῖν
727 1139 846 1222 έιριςος,
869 1139 1105 1212 ἀδυνατώτατος
1129 1138 1244 1217 λέγειν.

318 1248 342 1341 3
368 1254 398 1315 4.
431 1245 518 1323 ὅλης
549 1248 701 1323 τεληνηςι
726 1245 852 1329 antiqui
873 1246 1016 1325 πλήρους.

363 1356 491 1440 Fragm.
505 1357 535 1418 6.
559 1355 614 1418 οὐκ
636 1348 719 1417 οἶδα
744 1350 875 1415 addar:
902 1348 997 1415 scrib.
1024 1345 1346 1414 οἶδ’ὃτέθεν.-τοῢ
1370 1348 1500 1431 οέθρέαιε

315 1463 380 1526 imo
409 1480 484 1525 uero
512 1466 586 1531 τοῖ,
618 1463 655 1522 ut
688 1475 781 1541 saepe
817 1454 902 1540 apud
927 1456 1108 1530 Patronus,
1140 1464 1195 1520 τοῖ
1219 1455 1270 1519 καὶ
1302 1454 1413 1529 τέθεν;
1445 1463 1502 1519 aut

314 1565 399 1652 apud
422 1565 500 1631 alios
527 1571 583 1629 τοῖ
608 1563 643 1638 δη
666 1561 725 1635 σύς
755 1569 786 1625 et
812 1560 940 1625 similia.
959 1597 1005 1609 -
1024 1560 1102 1633 τίνος
1131 1559 1227 1626 ἄτιτε
1248 1562 1364 1625 ἐκπιεῖν
1384 1561 1501 1641 atypus:

315 1670 380 1737 duo
404 1670 535 1735 suntin
559 1688 624 1733 uno
648 1665 798 1731 vocabulo
822 1666 922 1742 vitia,
956 1664 1093 1730 alterum
1126 1664 1328 1741 scribarum,
1353 1665 1502 1731 Rhetoris

314 1776 465 1842 alterum.
490 1774 662 1839 inaratam
686 1779 853 1837 κατατιεῖυ
876 1770 1103 1853 corrigendum
1128 1780 1193 1845 est,
1218 1790 1281 1855 quo
1304 1770 1399 1836 verbo
1421 1772 1503 1837 nihil

317 1882 420 1947 estin
450 1899 487 1945 ea
515 1899 549 1944 re
577 1877 709 1950 tritius,
747 1875 802 1941 sed
831 1874 1062 1954 anconitanas
1088 1875 1211 1940 dictum
1239 1877 1390 1961 oportuit.
1421 1875 1501 1963 36.

316 1986 390 2068 τρές
413 2010 453 2064 με
477 1991 536 2050 τῶν
558 1988 702 2063 Νυμφῶν
726 1974 777 2046 καὶ
802 1987 856 2046 τοῦ
880 1981 1001 2055 Hercle:
1027 1982 1172 2065 ineptum
1196 1989 1245 2046 est
1271 2006 1329 2060 γε,
1353 1980 1438 2066 quod
1469 1983 1502 2046 in

316 2116 352 2157 τε
375 2088 609 2175 retingendum.
635 2086 703 2176 37.
729 2089 955 2163 κατακλιθῆναι
969 2107 982 2150 ε’
1004 2086 1133 2171 sequior
1153 2084 1255 2151 lorma
1278 2087 1420 2152 librariis
1444 2088 1501 2152 im·

315 2193 479 2281 putanda,
508 2195 721 2260 Acerranorum
752 2191 877 2258 dedisse
901 2200 1125 2266 κατακλινῆναι
1150 2189 1348 2257 demonstrat
1374 2212 1502 2277 praece·

314 2301 394 2367 dens
423 2298 489 2388 36
521 2304 779 2379 κατακλινῶμεν,
809 2316 872 2383 qua
904 2296 1006 2361 torma
1031 2305 1062 2361 et
1092 2296 1168 2361 alibi
1198 2306 1285 2363 recte
1317 2299 1431 2364 utitur.
1457 2336 1502 2349 -

314 2406 491 2481 τατητῖιινε
522 2405 675 2470 usitatius
697 2406 856 2480 ταπήτων.
883 2410 951 2467 turn
981 2403 1202 2487 coniungenda
1227 2410 1325 2471 sunt:
1352 2407 1402 2480 Νη
1426 2408 1498 2482 ΔΓ,

313 2514 391 2579 ἄλλ’
412 2510 479 2592 ἔχει
500 2534 529 2575 τι
553 2510 656 2575 πλέον.
680 2508 764 2596 quod
786 2507 938 2593 vulgatur
956 2532 1001 2573 τοι
1019 2532 1049 2572 τι
1066 2507 1281 2594 dittograplria
1301 2518 1360 2574 est.
1408 2510 1499 2577 Cives

314 2617 409 2683 Attici
437 2616 504 2697 ἔχει
529 2615 568 2693 γε’
599 2640 629 2680 τι
653 2613 818 2679 dixissent.
856 2613 930 2694 38.
955 2612 1099 2695 ὠροέῖζονι
1124 2621 1248 2679 veteres
1278 2615 1499 2697 τρισυλλάβως

317 2723 418 2788 solent
440 2718 549 2804 ν’έρριζον
574 2727 606 2785 et
629 2719 784 2804 ὥρρέζομαι
810 2726 846 2783 ut
873 2719 1024 2803 ματρέζω,
1047 2715 1186 2801 τερᾴζω,
1209 2718 1292 2797 alia,
1315 2719 1355 2785 de
1381 2722 1500 2807 quibus

315 2827 458 2892 Priansos.
478 2825 518 2890 ad
542 2826 671 2891 lllounm.
697 2845 726 2910 p.
749 2830 802 2891 70.
827 2824 989 2890 Elidensis
1018 2825 1181 2910 anapaesti
1206 2824 1358 2911 leguntur
1371 2826 1404 2890 in
1423 2826 1499 2894 Bru·

315 2951 385 2996 uam
409 2931 524 2996 Auecd.
547 2931 569 2995 l.
595 2951 624 3016 p.
648 2934 707 3007 45,
734 2934 786 2994 ro.

585 3033 768 3117 ὢραϊζομένη
792 3032 844 3098 καὶ
869 3033 1056 3114 θρυπτομένη

316 3138 532 3206 necessarium
557 3149 626 3217 est,
659 3146 695 3203 ut
720 3137 829 3215 uides,
853 3139 1036 3222 ιῖρρζομένη.
1062 3139 1135 3228 39.
1159 3139 1284 3216 οῖηδένες
1308 3144 1496 3226 ἕψιθθριζονε

317 3243 489 3311 infeliciter
509 3245 567 3311 hoc
582 3244 726 3310 uerbum
750 3243 789 3310 tle
808 3244 1019 3311 lusciniarum
1042 3254 1139 3312 cantu
1159 3249 1275 3333 posuit.
1301 3247 1325 3336 3
1349 3255 1399 3313 lt.
1423 3254 1500 3317 αλλ’

314 3352 528 3428 ἕταλληλυιςε
556 3351 761 3416 coniunctim¹
786 3350 890 3416 scribe
912 3353 1182 3429 οῖλλεταλληλοις.
1215 3352 1313 3441 31ῖ.
1337 3350 1422 3429 οἶδας
1447 3377 1500 3422 ne·

315 3477 368 3523 mo
391 3452 536 3523 veterum
556 3456 648 3548 ¹diuit
672 3454 726 3522 sed
758 3453 854 3520 οἶσθα.
880 3455 979 3544 315.
1013 3459 1039 3522 οἱ
1062 3455 1231 3539 ἄνθρυτοιτ
1268 3478 1426 3544 nusquam
1452 3463 1499 3526 in·

314 3561 441 3628 lelicius
460 3582 556 3648 quam
583 3562 642 3628 hoc
664 3563 732 3627 loco
753 3564 779 3626 οῖ
797 3561 901 3642 ἄνδρες
925 3551 1158 3628 desiderantur.
1184 3561 1208 3650 3
1234 3569 1285 3628 16.
1310 3566 1495 3647 έμφανεῖνε

315 3667 398 3733 dixit
419 3667 529 3732 rhetor
548 3666 588 3732 ad
613 3665 859 3731 similitudinem
884 3667 972 3731 verld
996 3668 1177 3747 ἐντραγεῖν,
1206 3687 1268 3752 quo
1299 3670 1366 3753 ipso
1398 3672 1502 3737 multo

316 3772 433 3838 melius
453 3771 566 3836 luisset
585 3789 675 3836 usus.
700 3809 746 3818 --
764 3771 914 3852 βοτρθεςι
942 3770 1017 3836 olim
1038 3791 1164 3857 semper
1184 3773 1306 3854 βοτρῦς.
1328 3811 1371 3821 -
1389 3791 1499 3855 λαγυ-

316 3877 383 3943 δέαν
410 3882 510 3942 odra:
545 3874 611 3939 imo
636 3875 813 3955 λαγιρδέανι
843 3875 936 3961 paulo
969 3876 1121 3941 usitatius
1144 3886 1192 3942 est
1215 3880 1366 3956 λαρέδιον.
1403 3879 1498 3970 318.

315 3981 410 4063 μέχρι
434 4020 479 4030 -
498 3979 618 4045 θέλεινε
649 3979 762 4044 Graece
790 3999 853 4044 non
880 3988 983 4066 potest
1007 3981 1101 4045 aliter
1121 3981 1183 4047 dici
1208 4004 1302 4070 quam
1325 3986 1421 4067 μέχρι
1445 3993 1500 4054 τοῦ

316 4086 424 4152 θέλειν.
473 4085 579 4151 Unum
611 4092 757 4168 superest
783 4085 815 4148 in
844 4084 989 4151 ultimis:
1027 4088 1053 4151 εῖ
1075 4089 1132 4166 μὲν
1156 4085 1248 4162 οὕτως
1272 4089 1413 4170 ἔσχηκας
1439 4119 1501 4172 μα-

315 4196 419 4265 λακοῖς
438 4231 480 4240 -
500 4192 525 4255 εἰ
558 4189 589 4254 δέ
621 4191 686 4254 κτὲ.
719 4199 865 4276 apertum
898 4200 946 4256 est
976 4195 1066 4267 ὄντας
1097 4193 1172 4259 olim
1203 4196 1359 4280 scriptum
1390 4195 1501 4264 luisse.

315 4295 416 4361 Video
445 4293 505 4360 hoc
533 4294 707 4360 Muruarrun
739 4299 959 4382 praecepisse,
996 4301 1051 4385 qui
1086 4300 1261 4386 permultas
1295 4302 1436 4370 incertas
1469 4314 1500 4370 et

316 4399 672 4481 παρακεκινδυνευμένας
690 4402 905 4466 correctiones
924 4405 1061 4489 recepit,
1087 4404 1321 4489 complusculos
1341 4416 1449 4472 certas
1468 4420 1501 4476 et

315 4503 502 4571 manifestas
526 4506 557 4569 in
583 4506 787 4571 annotatione
818 4505 1005 4573 delitescere
1029 4507 1161 4583 maluit,
1193 4509 1231 4573 de
1259 4532 1322 4596 qua
1355 4533 1390 4578 re
1419 4515 1499 4580 alias

315 4609 432 4677 dicam.
481 4610 516 4676 ln
541 4610 694 4677 extremis
714 4629 841 4696 quoque
863 4621 993 4698 apparet
1017 4633 1113 4699 quam
1141 4635 1252 4701 parum
1275 4616 1396 4682 ltlretor
1417 4623 1499 4685 anti-

313 4735 448 4800 quorum
475 4717 645 4782 sanitatem
674 4717 828 4782 orationis
859 4719 986 4803 assequi
1015 4730 1047 4785 et
1074 4720 1194 4787 imitari
1226 4724 1376 4807 potuerit.
1426 4725 1499 4792 Pera
