<?xml version="1.0" encoding="UTF-8"?>
<!DOCTYPE html PUBLIC "-//W3C//DTD XHTML 1.0 Transitional//EN"
    "http://www.w3.org/TR/xhtml1/DTD/xhtml1-transitional.dtd">
<html xmlns="http://www.w3.org/1999/xhtml" xml:lang="en" lang="en">
 <head>
  <title>
</title>
<meta http-equiv="Content-Type" content="text/html;charset=utf-8" />
  <meta name='ocr-system' content='tesseract 3.04.00' />
  <meta name='ocr-capabilities' content='ocr_page ocr_carea ocr_par ocr_line ocrx_word'/>
</head>
<body>
  <div class='ocr_page' id='page_1' title='image "./variaelectiones01cobegoog_0081.png"; bbox 0 0 3309 5750; ppageno 0'>
   <div class='ocr_carea' id='block_1_1' title="bbox 752 720 790 781">
    <p class='ocr_par' dir='ltr' id='par_1_1' title="bbox 752 720 790 781">
     <span class='ocr_line' id='line_1_1' title="bbox 752 720 790 781; baseline 0 0"><span class='ocrx_word' id='word_1_1' title='bbox 752 720 790 781; x_wconf 73' lang='lat' dir='ltr'>:ll</span> 
     </span>
    </p>
   </div>
   <div class='ocr_carea' id='block_1_2' title="bbox 152 890 1365 4880">
    <p class='ocr_par' dir='ltr' id='par_1_2' title="bbox 123 890 1365 4880">
     <span class='ocr_line' id='line_1_2' title="bbox 177 890 1363 984; baseline 0.001 -21"><span class='ocrx_word' id='word_1_2' title='bbox 177 896 268 964; x_wconf 91' lang='lat' dir='ltr'>libris</span> <span class='ocrx_word' id='word_1_3' title='bbox 291 895 456 963; x_wconf 78' lang='lat' dir='ltr'>confusius</span> <span class='ocrx_word' id='word_1_4' title='bbox 479 901 512 961; x_wconf 87' lang='lat' dir='ltr'>et</span> <span class='ocrx_word' id='word_1_5' title='bbox 535 891 719 980; x_wconf 78' lang='lat' dir='ltr'>absurdius)</span> <span class='ocrx_word' id='word_1_6' title='bbox 744 891 800 957; x_wconf 89' lang='lat' dir='ltr'>sed</span> <span class='ocrx_word' id='word_1_7' title='bbox 832 890 1015 978; x_wconf 78' lang='lat' dir='ltr'><strong>aequalium</strong></span> <span class='ocrx_word' id='word_1_8' title='bbox 1040 893 1185 961; x_wconf 78' lang='lat' dir='ltr'><strong>vitiosam</strong></span> <span class='ocrx_word' id='word_1_9' title='bbox 1211 894 1363 984; x_wconf 84' lang='lat' dir='ltr'>loqueoid</span> 
     </span>
     <span class='ocr_line' id='line_1_3' title="bbox 176 996 1365 1087; baseline 0 -18"><span class='ocrx_word' id='word_1_10' title='bbox 176 1003 444 1070; x_wconf 78' lang='lat' dir='ltr'>consuetudinem</span> <span class='ocrx_word' id='word_1_11' title='bbox 465 1002 511 1067; x_wconf 92' lang='lat' dir='ltr'>ita</span> <span class='ocrx_word' id='word_1_12' title='bbox 532 1005 693 1085; x_wconf 88' lang='lat' dir='ltr'>arguunt,</span> <span class='ocrx_word' id='word_1_13' title='bbox 716 1003 753 1063; x_wconf 87' lang='lat' dir='ltr'>ut</span> <span class='ocrx_word' id='word_1_14' title='bbox 773 996 872 1062; x_wconf 79' lang='lat' dir='ltr'>Attici</span> <span class='ocrx_word' id='word_1_15' title='bbox 890 998 1048 1062; x_wconf 89' lang='lat' dir='ltr'>sermonis</span> <span class='ocrx_word' id='word_1_16' title='bbox 1060 998 1277 1087; x_wconf 86' lang='lat' dir='ltr'>incorruptam</span> <span class='ocrx_word' id='word_1_17' title='bbox 1292 1024 1365 1069; x_wconf 91' lang='lat' dir='ltr'>nor·</span> 
     </span>
     <span class='ocr_line' id='line_1_4' title="bbox 174 1101 1364 1195; baseline 0.002 -22"><span class='ocrx_word' id='word_1_18' title='bbox 174 1128 262 1175; x_wconf 89' lang='lat' dir='ltr'>mam</span> <span class='ocrx_word' id='word_1_19' title='bbox 287 1116 457 1195; x_wconf 87' lang='lat' dir='ltr'>opponant.</span> <span class='ocrx_word' id='word_1_20' title='bbox 508 1106 561 1172; x_wconf 91' lang='lat' dir='ltr'>Sic</span> <span class='ocrx_word' id='word_1_21' title='bbox 589 1103 685 1170; x_wconf 86' lang='lat' dir='ltr'>fiebat</span> <span class='ocrx_word' id='word_1_22' title='bbox 710 1109 746 1168; x_wconf 87' lang='lat' dir='ltr'>ut</span> <span class='ocrx_word' id='word_1_23' title='bbox 776 1101 862 1168; x_wconf 90' lang='lat' dir='ltr'>docti</span> <span class='ocrx_word' id='word_1_24' title='bbox 885 1101 949 1167; x_wconf 88' lang='lat' dir='ltr'>alia</span> <span class='ocrx_word' id='word_1_25' title='bbox 976 1102 1086 1187; x_wconf 90' lang='lat' dir='ltr'>lingua</span> <span class='ocrx_word' id='word_1_26' title='bbox 1110 1103 1195 1171; x_wconf 89' lang='lat' dir='ltr'>inter</span> <span class='ocrx_word' id='word_1_27' title='bbox 1221 1127 1277 1186; x_wconf 89' lang='lat' dir='ltr'>se,</span> <span class='ocrx_word' id='word_1_28' title='bbox 1301 1109 1364 1175; x_wconf 85' lang='lat' dir='ltr'>alia</span> 
     </span>
     <span class='ocr_line' id='line_1_5' title="bbox 175 1207 1364 1299; baseline 0.002 -20"><span class='ocrx_word' id='word_1_29' title='bbox 175 1213 216 1279; x_wconf 91' lang='lat' dir='ltr'>ad</span> <span class='ocrx_word' id='word_1_30' title='bbox 249 1213 409 1280; x_wconf 86' lang='lat' dir='ltr'>indoctam</span> <span class='ocrx_word' id='word_1_31' title='bbox 450 1210 573 1299; x_wconf 83' lang='lat' dir='ltr'>plebem</span> <span class='ocrx_word' id='word_1_32' title='bbox 607 1217 640 1276; x_wconf 88' lang='lat' dir='ltr'>et</span> <span class='ocrx_word' id='word_1_33' title='bbox 668 1207 814 1275; x_wconf 84' lang='lat' dir='ltr'>servulos</span> <span class='ocrx_word' id='word_1_34' title='bbox 846 1213 1037 1282; x_wconf 86' lang='lat' dir='ltr'>uterentur,</span> <span class='ocrx_word' id='word_1_35' title='bbox 1074 1207 1162 1293; x_wconf 87' lang='lat' dir='ltr'>plebs</span> <span class='ocrx_word' id='word_1_36' title='bbox 1200 1212 1364 1281; x_wconf 89' lang='lat' dir='ltr'>eruditum</span> 
     </span>
     <span class='ocr_line' id='line_1_6' title="bbox 175 1311 1365 1405; baseline 0.003 -22"><span class='ocrx_word' id='word_1_37' title='bbox 175 1318 264 1385; x_wconf 87' lang='lat' dir='ltr'>istud</span> <span class='ocrx_word' id='word_1_38' title='bbox 293 1319 458 1405; x_wconf 87' lang='lat' dir='ltr'>eloquium</span> <span class='ocrx_word' id='word_1_39' title='bbox 479 1336 543 1381; x_wconf 91' lang='lat' dir='ltr'>non</span> <span class='ocrx_word' id='word_1_40' title='bbox 567 1323 695 1382; x_wconf 89' lang='lat' dir='ltr'>tantum</span> <span class='ocrx_word' id='word_1_41' title='bbox 720 1334 783 1379; x_wconf 90' lang='lat' dir='ltr'>nen</span> <span class='ocrx_word' id='word_1_42' title='bbox 815 1311 1026 1398; x_wconf 69' lang='lat' dir='ltr'>intelligeret,</span> <span class='ocrx_word' id='word_1_43' title='bbox 1050 1312 1107 1378; x_wconf 91' lang='lat' dir='ltr'>sed</span> <span class='ocrx_word' id='word_1_44' title='bbox 1137 1315 1257 1393; x_wconf 88' lang='lat' dir='ltr'>etiam,</span> <span class='ocrx_word' id='word_1_45' title='bbox 1280 1319 1365 1405; x_wconf 89' lang='lat' dir='ltr'>quod</span> 
     </span>
     <span class='ocr_line' id='line_1_7' title="bbox 174 1417 1365 1517; baseline 0 -29"><span class='ocrx_word' id='word_1_46' title='bbox 174 1444 268 1490; x_wconf 90' lang='lat' dir='ltr'>nemo</span> <span class='ocrx_word' id='word_1_47' title='bbox 291 1425 484 1499; x_wconf 89' lang='lat' dir='ltr'>mirabitur,</span> <span class='ocrx_word' id='word_1_48' title='bbox 513 1423 656 1487; x_wconf 85' lang='lat' dir='ltr'>suaviter</span> <span class='ocrx_word' id='word_1_49' title='bbox 686 1418 817 1486; x_wconf 83' lang='lat' dir='ltr'>rideret.</span> <span class='ocrx_word' id='word_1_50' title='bbox 865 1417 1066 1504; x_wconf 82' lang='lat' dir='ltr'>Quamquam</span> <span class='ocrx_word' id='word_1_51' title='bbox 1096 1427 1145 1484; x_wconf 91' lang='lat' dir='ltr'>est</span> <span class='ocrx_word' id='word_1_52' title='bbox 1181 1422 1275 1517; x_wconf 79' lang='lat' dir='ltr'>paulo</span> <span class='ocrx_word' id='word_1_53' title='bbox 1295 1424 1365 1489; x_wconf 89' lang='lat' dir='ltr'>lon·</span> 
     </span>
     <span class='ocr_line' id='line_1_8' title="bbox 174 1523 1361 1613; baseline 0.004 -22"><span class='ocrx_word' id='word_1_54' title='bbox 174 1530 268 1613; x_wconf 92' lang='lat' dir='ltr'>gior,</span> <span class='ocrx_word' id='word_1_55' title='bbox 299 1528 482 1593; x_wconf 82' lang='lat' dir='ltr'>adscribam</span> <span class='ocrx_word' id='word_1_56' title='bbox 504 1527 610 1592; x_wconf 90' lang='lat' dir='ltr'>locum</span> <span class='ocrx_word' id='word_1_57' title='bbox 637 1545 675 1592; x_wconf 85' lang='lat' dir='ltr'>ex</span> <span class='ocrx_word' id='word_1_58' title='bbox 698 1524 796 1590; x_wconf 84' lang='lat' dir='ltr'>Suxro</span> <span class='ocrx_word' id='word_1_59' title='bbox 821 1524 970 1591; x_wconf 80' lang='lat' dir='ltr'>Eurrnrco</span> <span class='ocrx_word' id='word_1_60' title='bbox 995 1524 1066 1589; x_wconf 84' lang='lat' dir='ltr'>oda.</span> <span class='ocrx_word' id='word_1_61' title='bbox 1091 1523 1240 1592; x_wconf 75' lang='lat' dir='ltr'>Multam.</span> <span class='ocrx_word' id='word_1_62' title='bbox 1258 1527 1284 1594; x_wconf 72' lang='lat' dir='ltr'>l,</span> <span class='ocrx_word' id='word_1_63' title='bbox 1310 1534 1361 1596; x_wconf 89' lang='lat'>10.</span> 
     </span>
     <span class='ocr_line' id='line_1_9' title="bbox 175 1628 1363 1717; baseline 0.003 -21"><span class='ocrx_word' id='word_1_64' title='bbox 175 1653 207 1717; x_wconf 89' lang='lat' dir='ltr'>p.</span> <span class='ocrx_word' id='word_1_65' title='bbox 229 1636 295 1698; x_wconf 61' lang='grc' dir='ltr'>αδδ</span> <span class='ocrx_word' id='word_1_66' title='bbox 319 1632 436 1709; x_wconf 78' lang='lat' dir='ltr'>Fron,</span> <span class='ocrx_word' id='word_1_67' title='bbox 460 1651 523 1717; x_wconf 87' lang='lat' dir='ltr'>quo</span> <span class='ocrx_word' id='word_1_68' title='bbox 547 1651 608 1696; x_wconf 93' lang='lat' dir='ltr'>non</span> <span class='ocrx_word' id='word_1_69' title='bbox 635 1637 683 1697; x_wconf 91' lang='lat' dir='ltr'>est</span> <span class='ocrx_word' id='word_1_70' title='bbox 711 1630 792 1697; x_wconf 89' lang='lat' dir='ltr'>alins</span> <span class='ocrx_word' id='word_1_71' title='bbox 815 1628 855 1696; x_wconf 92' lang='lat' dir='ltr'>ad</span> <span class='ocrx_word' id='word_1_72' title='bbox 880 1628 913 1694; x_wconf 92' lang='lat' dir='ltr'>id</span> <span class='ocrx_word' id='word_1_73' title='bbox 938 1628 1023 1715; x_wconf 92' lang='lat' dir='ltr'>quod</span> <span class='ocrx_word' id='word_1_74' title='bbox 1047 1628 1117 1695; x_wconf 89' lang='lat' dir='ltr'>volo</span> <span class='ocrx_word' id='word_1_75' title='bbox 1141 1629 1363 1700; x_wconf 88' lang='lat' dir='ltr'>demonstran·</span> 
     </span>
     <span class='ocr_line' id='line_1_10' title="bbox 178 1735 1364 1822; baseline 0.006 -22"><span class='ocrx_word' id='word_1_76' title='bbox 178 1735 256 1801; x_wconf 89' lang='lat' dir='ltr'>dam</span> <span class='ocrx_word' id='word_1_77' title='bbox 275 1738 378 1822; x_wconf 91' lang='lat' dir='ltr'>magis</span> <span class='ocrx_word' id='word_1_78' title='bbox 390 1737 543 1802; x_wconf 92' lang='lat' dir='ltr'>idoneus:</span> <span class='ocrx_word' id='word_1_79' title='bbox 567 1736 677 1812; x_wconf 76' lang='grc' dir='ltr'><em>ἔτιδέ,</em></span> <span class='ocrx_word' id='word_1_80' title='bbox 701 1737 827 1822; x_wconf 90' lang='lat' dir='ltr'>inquit,</span> <span class='ocrx_word' id='word_1_81' title='bbox 853 1737 985 1815; x_wconf 73' lang='grc' dir='ltr'><em>βιατική</em></span> <span class='ocrx_word' id='word_1_82' title='bbox 1004 1759 1052 1809; x_wconf 80' lang='grc' dir='ltr'>τις</span> <span class='ocrx_word' id='word_1_83' title='bbox 1073 1737 1200 1820; x_wconf 64' lang='grc' dir='ltr'><em>ἀφελὴς</em></span> <span class='ocrx_word' id='word_1_84' title='bbox 1220 1742 1364 1816; x_wconf 71' lang='lat' dir='ltr'>cordine</span> 
     </span>
     <span class='ocr_line' id='line_1_11' title="bbox 175 1840 1362 1930; baseline 0.007 -25"><span class='ocrx_word' id='word_1_85' title='bbox 175 1846 235 1906; x_wconf 75' lang='grc' dir='ltr'>τῶν</span> <span class='ocrx_word' id='word_1_86' title='bbox 254 1842 376 1908; x_wconf 79' lang='grc' dir='ltr'><em>ἰδιωτῶν</em></span> <span class='ocrx_word' id='word_1_87' title='bbox 397 1843 483 1907; x_wconf 74' lang='grc' dir='ltr'><em>κατόν</em></span> <span class='ocrx_word' id='word_1_88' title='bbox 510 1841 615 1916; x_wconf 79' lang='grc' dir='ltr'><em>πόλεις</em></span> <span class='ocrx_word' id='word_1_89' title='bbox 637 1841 690 1907; x_wconf 87' lang='grc' dir='ltr'><em>καί</em></span> <span class='ocrx_word' id='word_1_90' title='bbox 715 1840 782 1917; x_wconf 69' lang='lat' dir='ltr'>iton</span> <span class='ocrx_word' id='word_1_91' title='bbox 807 1841 998 1925; x_wconf 77' lang='grc' dir='ltr'><em>διαφέροντα</em></span> <span class='ocrx_word' id='word_1_92' title='bbox 1017 1878 1063 1891; x_wconf 91' lang='grc'><strong>-</strong></span> <span class='ocrx_word' id='word_1_93' title='bbox 1078 1880 1123 1894; x_wconf 84' lang='lat'><em>-</em></span> <span class='ocrx_word' id='word_1_94' title='bbox 1147 1844 1182 1909; x_wconf 84' lang='grc' dir='ltr'>τό</span> <span class='ocrx_word' id='word_1_95' title='bbox 1206 1847 1283 1912; x_wconf 79' lang='grc' dir='ltr'><em>αὐτὸ</em></span> <span class='ocrx_word' id='word_1_96' title='bbox 1303 1848 1362 1930; x_wconf 73' lang='lat' dir='ltr'>rip·</span> 
     </span>
     <span class='ocr_line' id='line_1_12' title="bbox 171 1945 1361 2031; baseline 0.004 -19"><span class='ocrx_word' id='word_1_97' title='bbox 171 1946 351 2029; x_wconf 74' lang='grc' dir='ltr'><em>τοφόοιον</em></span> <span class='ocrx_word' id='word_1_98' title='bbox 374 1946 426 2013; x_wconf 85' lang='grc' dir='ltr'><em>καί</em></span> <span class='ocrx_word' id='word_1_99' title='bbox 459 1946 640 2029; x_wconf 80' lang='grc' dir='ltr'><em>πανοίριον</em></span> <span class='ocrx_word' id='word_1_100' title='bbox 663 1946 796 2026; x_wconf 82' lang='grc' dir='ltr'><em>λέγεται</em></span> <span class='ocrx_word' id='word_1_101' title='bbox 821 1948 875 2013; x_wconf 81' lang='grc' dir='ltr'><em>καί</em></span> <span class='ocrx_word' id='word_1_102' title='bbox 900 1945 998 2013; x_wconf 75' lang='grc' dir='ltr'><em>πόλιν</em></span> <span class='ocrx_word' id='word_1_103' title='bbox 1023 1947 1059 2013; x_wconf 80' lang='grc' dir='ltr'>τό</span> <span class='ocrx_word' id='word_1_104' title='bbox 1090 1949 1168 2014; x_wconf 79' lang='grc' dir='ltr'><em>αὐτὸ</em></span> <span class='ocrx_word' id='word_1_105' title='bbox 1197 1952 1361 2031; x_wconf 81' lang='grc' dir='ltr'><em>ςαμνόον</em></span> 
     </span>
     <span class='ocr_line' id='line_1_13' title="bbox 171 2052 1359 2135; baseline 0.007 -20"><span class='ocrx_word' id='word_1_106' title='bbox 171 2052 225 2116; x_wconf 79' lang='grc' dir='ltr'>καὶ</span> <span class='ocrx_word' id='word_1_107' title='bbox 250 2053 401 2131; x_wconf 84' lang='grc' dir='ltr'><em>οἰμίδιον</em></span> <span class='ocrx_word' id='word_1_108' title='bbox 424 2054 477 2119; x_wconf 86' lang='grc' dir='ltr'><em>καί</em></span> <span class='ocrx_word' id='word_1_109' title='bbox 504 2052 608 2132; x_wconf 82' lang='grc' dir='ltr'><em>ἰγδις</em></span> <span class='ocrx_word' id='word_1_110' title='bbox 630 2053 682 2120; x_wconf 84' lang='grc' dir='ltr'><em>καί</em></span> <span class='ocrx_word' id='word_1_111' title='bbox 708 2052 836 2128; x_wconf 86' lang='grc' dir='ltr'><em>όνεόα,</em></span> <span class='ocrx_word' id='word_1_112' title='bbox 861 2052 951 2118; x_wconf 80' lang='grc' dir='ltr'><em>οἰλλόι</em></span> <span class='ocrx_word' id='word_1_113' title='bbox 963 2052 1169 2135; x_wconf 80' lang='grc' dir='ltr'><em>ςοχαζόμενοι</em></span> <span class='ocrx_word' id='word_1_114' title='bbox 1182 2061 1235 2122; x_wconf 80' lang='grc' dir='ltr'>τοῦ</span> <span class='ocrx_word' id='word_1_115' title='bbox 1255 2064 1359 2133; x_wconf 67' lang='grc' dir='ltr'><em>καλῶς</em></span> 
     </span>
     <span class='ocr_line' id='line_1_14' title="bbox 170 2155 1360 2241; baseline 0.008 -20"><span class='ocrx_word' id='word_1_116' title='bbox 170 2155 297 2238; x_wconf 76' lang='grc' dir='ltr'><em>ἔχοντος</em></span> <span class='ocrx_word' id='word_1_117' title='bbox 328 2159 380 2223; x_wconf 83' lang='grc' dir='ltr'><em>καί</em></span> <span class='ocrx_word' id='word_1_118' title='bbox 411 2164 522 2241; x_wconf 80' lang='grc' dir='ltr'><em>σαφῶς</em></span> <span class='ocrx_word' id='word_1_119' title='bbox 545 2159 597 2225; x_wconf 76' lang='grc' dir='ltr'>καὶ</span> <span class='ocrx_word' id='word_1_120' title='bbox 626 2162 681 2224; x_wconf 81' lang='grc' dir='ltr'>τοῦ</span> <span class='ocrx_word' id='word_1_121' title='bbox 710 2160 755 2238; x_wconf 63' lang='grc' dir='ltr'>μὴ</span> <span class='ocrx_word' id='word_1_122' title='bbox 779 2160 937 2237; x_wconf 78' lang='grc' dir='ltr'><em>γελοίτόαι</em></span> <span class='ocrx_word' id='word_1_123' title='bbox 968 2159 1026 2225; x_wconf 79' lang='grc' dir='ltr'>ὑπὸ</span> <span class='ocrx_word' id='word_1_124' title='bbox 1057 2166 1116 2226; x_wconf 77' lang='grc' dir='ltr'>τῶν</span> <span class='ocrx_word' id='word_1_125' title='bbox 1145 2160 1360 2231; x_wconf 67' lang='grc' dir='ltr'>διακονούντων</span> 
     </span>
     <span class='ocr_line' id='line_1_15' title="bbox 170 2262 1359 2348; baseline 0.005 -22"><span class='ocrx_word' id='word_1_126' title='bbox 170 2266 244 2341; x_wconf 71' lang='grc' dir='ltr'><em>ἡμῖν</em></span> <span class='ocrx_word' id='word_1_127' title='bbox 266 2263 432 2344; x_wconf 77' lang='grc' dir='ltr'><em>παιδαρίων</em></span> <span class='ocrx_word' id='word_1_128' title='bbox 456 2264 508 2329; x_wconf 87' lang='grc' dir='ltr'><em>καί</em></span> <span class='ocrx_word' id='word_1_129' title='bbox 533 2264 655 2330; x_wconf 77' lang='grc' dir='ltr'><em>ἰδιωτῶν</em></span> <span class='ocrx_word' id='word_1_130' title='bbox 679 2262 869 2345; x_wconf 81' lang='grc' dir='ltr'><em>πανοίριον</em></span> <span class='ocrx_word' id='word_1_131' title='bbox 897 2264 1043 2344; x_wconf 75' lang='grc' dir='ltr'><em>ἐροῦμεν,</em></span> <span class='ocrx_word' id='word_1_132' title='bbox 1067 2265 1097 2330; x_wconf 89' lang='grc' dir='ltr'>εἰ</span> <span class='ocrx_word' id='word_1_133' title='bbox 1122 2266 1186 2332; x_wconf 85' lang='grc' dir='ltr'><em>καί</em></span> <span class='ocrx_word' id='word_1_134' title='bbox 1209 2266 1359 2348; x_wconf 75' lang='grc' dir='ltr'><em>βόρβα·</em></span> 
     </span>
     <span class='ocr_line' id='line_1_16' title="bbox 169 2367 1359 2452; baseline 0.005 -19"><span class='ocrx_word' id='word_1_135' title='bbox 169 2367 232 2451; x_wconf 83' lang='grc' dir='ltr'>ρόν</span> <span class='ocrx_word' id='word_1_136' title='bbox 252 2369 332 2446; x_wconf 83' lang='grc' dir='ltr'><em>ε’ςιν,</em></span> <span class='ocrx_word' id='word_1_137' title='bbox 356 2370 431 2433; x_wconf 72' lang='grc' dir='ltr'>ἀλλ’</span> <span class='ocrx_word' id='word_1_138' title='bbox 455 2371 508 2433; x_wconf 84' lang='grc' dir='ltr'>οὐκ</span> <span class='ocrx_word' id='word_1_139' title='bbox 529 2367 771 2452; x_wconf 78' lang='grc' dir='ltr'><em>οἰρτοφόριον,</em></span> <span class='ocrx_word' id='word_1_140' title='bbox 792 2368 845 2433; x_wconf 82' lang='grc' dir='ltr'>καὶ</span> <span class='ocrx_word' id='word_1_141' title='bbox 867 2368 1028 2447; x_wconf 80' lang='grc' dir='ltr'><em>ςαμνίον</em></span> <span class='ocrx_word' id='word_1_142' title='bbox 1051 2371 1128 2436; x_wconf 73' lang='grc' dir='ltr'>αλλ’</span> <span class='ocrx_word' id='word_1_143' title='bbox 1147 2373 1359 2450; x_wconf 80' lang='grc' dir='ltr'><em>οὖνοίμίδα.</em></span> 
     </span>
     <span class='ocr_line' id='line_1_17' title="bbox 169 2472 1359 2556; baseline 0.004 -17"><span class='ocrx_word' id='word_1_144' title='bbox 169 2475 220 2539; x_wconf 87' lang='grc' dir='ltr'><em>καί</em></span> <span class='ocrx_word' id='word_1_145' title='bbox 240 2473 322 2539; x_wconf 84' lang='grc' dir='ltr'>όνεί</span> <span class='ocrx_word' id='word_1_146' title='bbox 327 2497 373 2537; x_wconf 90' lang='grc' dir='ltr'>αν</span> <span class='ocrx_word' id='word_1_147' title='bbox 396 2477 522 2551; x_wconf 73' lang='grc' dir='ltr'><em>μᾶλλον</em></span> <span class='ocrx_word' id='word_1_148' title='bbox 544 2473 561 2549; x_wconf 73' lang='grc' dir='ltr'>ἢ</span> <span class='ocrx_word' id='word_1_149' title='bbox 585 2474 705 2551; x_wconf 87' lang='grc' dir='ltr'><em>ἰγδιν,</em></span> <span class='ocrx_word' id='word_1_150' title='bbox 729 2474 782 2539; x_wconf 82' lang='grc' dir='ltr'>καὶ</span> <span class='ocrx_word' id='word_1_151' title='bbox 804 2472 902 2540; x_wconf 86' lang='grc' dir='ltr'><em>ποίλιν</em></span> <span class='ocrx_word' id='word_1_152' title='bbox 921 2475 952 2538; x_wconf 83' lang='grc' dir='ltr'>ἐν</span> <span class='ocrx_word' id='word_1_153' title='bbox 966 2473 1101 2552; x_wconf 77' lang='grc' dir='ltr'><em>διαλέξει</em></span> <span class='ocrx_word' id='word_1_154' title='bbox 1120 2477 1359 2556; x_wconf 69' lang='grc' dir='ltr'><em>ἀποβλέποντες</em></span> 
     </span>
     <span class='ocr_line' id='line_1_18' title="bbox 168 2576 1357 2662; baseline 0.003 -18"><span class='ocrx_word' id='word_1_155' title='bbox 168 2580 242 2661; x_wconf 78' lang='grc' dir='ltr'>πρὸς</span> <span class='ocrx_word' id='word_1_156' title='bbox 267 2578 339 2651; x_wconf 81' lang='grc' dir='ltr'>τοὺς</span> <span class='ocrx_word' id='word_1_157' title='bbox 372 2576 530 2659; x_wconf 77' lang='grc' dir='ltr'><em>παρόντας</em></span> <span class='ocrx_word' id='word_1_158' title='bbox 553 2578 613 2651; x_wconf 75' lang='grc' dir='ltr'>τοὶς</span> <span class='ocrx_word' id='word_1_159' title='bbox 638 2579 696 2656; x_wconf 81' lang='grc' dir='ltr'>μὲν</span> <span class='ocrx_word' id='word_1_160' title='bbox 724 2579 921 2652; x_wconf 73' lang='grc' dir='ltr'><em>ἰδιωτικὰς</em></span> <span class='ocrx_word' id='word_1_161' title='bbox 951 2576 1052 2655; x_wconf 76' lang='grc' dir='ltr'><em>λέξεις</em></span> <span class='ocrx_word' id='word_1_162' title='bbox 1080 2580 1357 2662; x_wconf 77' lang='grc' dir='ltr'><em>παραπέμψομεν,</em></span> 
     </span>
     <span class='ocr_line' id='line_1_19' title="bbox 167 2682 1358 2767; baseline 0.003 -17"><span class='ocrx_word' id='word_1_163' title='bbox 167 2686 223 2760; x_wconf 65' lang='grc' dir='ltr'>τὴν</span> <span class='ocrx_word' id='word_1_164' title='bbox 253 2685 285 2749; x_wconf 81' lang='grc' dir='ltr'>δὲ</span> <span class='ocrx_word' id='word_1_165' title='bbox 316 2683 550 2765; x_wconf 82' lang='grc' dir='ltr'><em>οἰςειοτέραν</em></span> <span class='ocrx_word' id='word_1_166' title='bbox 582 2682 635 2748; x_wconf 82' lang='grc' dir='ltr'>καὶ</span> <span class='ocrx_word' id='word_1_167' title='bbox 668 2683 885 2766; x_wconf 75' lang='grc' dir='ltr'><em>φιλόλογον</em></span> <span class='ocrx_word' id='word_1_168' title='bbox 917 2684 1075 2761; x_wconf 78' lang='grc' dir='ltr'><em>οννήόειαν</em></span> <span class='ocrx_word' id='word_1_169' title='bbox 1106 2684 1358 2767; x_wconf 75' lang='grc' dir='ltr'><em>μεταδιόξομεν·</em></span> 
     </span>
     <span class='ocr_line' id='line_1_20' title="bbox 167 2788 1358 2872; baseline 0.002 -16"><span class='ocrx_word' id='word_1_170' title='bbox 167 2793 211 2864; x_wconf 77' lang='grc' dir='ltr'>ὡς</span> <span class='ocrx_word' id='word_1_171' title='bbox 237 2789 310 2870; x_wconf 72' lang='grc' dir='ltr'>γὰρ</span> <span class='ocrx_word' id='word_1_172' title='bbox 331 2793 348 2865; x_wconf 77' lang='grc' dir='ltr'><em>ἡ</em></span> <span class='ocrx_word' id='word_1_173' title='bbox 369 2788 580 2872; x_wconf 80' lang='grc' dir='ltr'><em>Φιλόλογος</em></span> <span class='ocrx_word' id='word_1_174' title='bbox 602 2792 775 2867; x_wconf 70' lang='grc' dir='ltr'><em>γελοῖται</em></span> <span class='ocrx_word' id='word_1_175' title='bbox 800 2789 903 2870; x_wconf 74' lang='lat' dir='ltr'>aspri</span> <span class='ocrx_word' id='word_1_176' title='bbox 925 2797 1004 2864; x_wconf 82' lang='grc' dir='ltr'>τοίς</span> <span class='ocrx_word' id='word_1_177' title='bbox 1025 2790 1218 2868; x_wconf 79' lang='grc' dir='ltr'><em>ἰδιώταις,</em></span> <span class='ocrx_word' id='word_1_178' title='bbox 1241 2790 1358 2868; x_wconf 74' lang='grc' dir='ltr'><em>οὕτως</em></span> 
     </span>
     <span class='ocr_line' id='line_1_21' title="bbox 168 2895 1358 2982; baseline 0.005 -21"><span class='ocrx_word' id='word_1_179' title='bbox 168 2900 185 2973; x_wconf 72' lang='grc' dir='ltr'><em>ἡ</em></span> <span class='ocrx_word' id='word_1_180' title='bbox 214 2896 389 2970; x_wconf 66' lang='grc' dir='ltr'><em>ἰδιωτικόν</em></span> <span class='ocrx_word' id='word_1_181' title='bbox 424 2896 526 2978; x_wconf 73' lang='grc' dir='ltr'><em>παρὰ</em></span> <span class='ocrx_word' id='word_1_182' title='bbox 562 2903 640 2969; x_wconf 81' lang='grc' dir='ltr'><em>τοῖς</em></span> <span class='ocrx_word' id='word_1_183' title='bbox 667 2895 908 2977; x_wconf 79' lang='grc' dir='ltr'><em>φιλολόγοις.</em></span> <span class='ocrx_word' id='word_1_184' title='bbox 964 2895 1120 2982; x_wconf 83' lang='lat' dir='ltr'>Utrique,</span> <span class='ocrx_word' id='word_1_185' title='bbox 1152 2898 1199 2963; x_wconf 83' lang='lat' dir='ltr'>ira</span> <span class='ocrx_word' id='word_1_186' title='bbox 1229 2899 1275 2964; x_wconf 83' lang='lat' dir='ltr'>uti</span> <span class='ocrx_word' id='word_1_187' title='bbox 1306 2899 1358 2980; x_wconf 83' lang='lat' dir='ltr'>tit,</span> 
     </span>
     <span class='ocr_line' id='line_1_22' title="bbox 152 3000 1357 3091; baseline 0.004 -24"><span class='ocrx_word' id='word_1_188' title='bbox 152 3001 364 3086; x_wconf 12' lang='lat' dir='ltr'>,excedebant</span> <span class='ocrx_word' id='word_1_189' title='bbox 397 3001 539 3069; x_wconf 89' lang='lat' dir='ltr'>modum.</span> <span class='ocrx_word' id='word_1_190' title='bbox 588 3002 740 3066; x_wconf 89' lang='lat' dir='ltr'>Homines</span> <span class='ocrx_word' id='word_1_191' title='bbox 773 3000 893 3067; x_wconf 86' lang='lat' dir='ltr'>indocti</span> <span class='ocrx_word' id='word_1_192' title='bbox 924 3001 963 3068; x_wconf 92' lang='lat' dir='ltr'>de</span> <span class='ocrx_word' id='word_1_193' title='bbox 992 3000 1082 3088; x_wconf 85' lang='lat' dir='ltr'>plebe</span> <span class='ocrx_word' id='word_1_194' title='bbox 1110 3005 1260 3070; x_wconf 84' lang='lat' dir='ltr'>excusari</span> <span class='ocrx_word' id='word_1_195' title='bbox 1287 3025 1357 3091; x_wconf 90' lang='lat' dir='ltr'>pos·</span> 
     </span>
     <span class='ocr_line' id='line_1_23' title="bbox 166 3106 1357 3193; baseline 0.006 -20.756"><span class='ocrx_word' id='word_1_196' title='bbox 166 3114 264 3184; x_wconf 88' lang='lat' dir='ltr'>sunt,</span> <span class='ocrx_word' id='word_1_197' title='bbox 289 3106 344 3192; x_wconf 86' lang='lat' dir='ltr'>qui</span> <span class='ocrx_word' id='word_1_198' title='bbox 370 3107 441 3172; x_wconf 85' lang='lat' dir='ltr'>istis</span> <span class='ocrx_word' id='word_1_199' title='bbox 462 3106 660 3192; x_wconf 84' lang='lat' dir='ltr'>temporibus</span> <span class='ocrx_word' id='word_1_200' title='bbox 679 3106 819 3173; x_wconf 86' lang='lat' dir='ltr'>nativam</span> <span class='ocrx_word' id='word_1_201' title='bbox 841 3107 970 3193; x_wconf 89' lang='lat' dir='ltr'>linguae</span> <span class='ocrx_word' id='word_1_202' title='bbox 992 3109 1115 3193; x_wconf 85' lang='lat' dir='ltr'>patriae</span> <span class='ocrx_word' id='word_1_203' title='bbox 1136 3110 1357 3179; x_wconf 83' lang='lat' dir='ltr'>sinceritatem</span> 
     </span>
     <span class='ocr_line' id='line_1_24' title="bbox 166 3210 1356 3301; baseline 0.005 -23"><span class='ocrx_word' id='word_1_204' title='bbox 166 3232 296 3279; x_wconf 86' lang='lat' dir='ltr'>servare</span> <span class='ocrx_word' id='word_1_205' title='bbox 322 3232 384 3275; x_wconf 94' lang='lat' dir='ltr'>non</span> <span class='ocrx_word' id='word_1_206' title='bbox 411 3212 592 3296; x_wconf 87' lang='lat' dir='ltr'>potuerint;</span> <span class='ocrx_word' id='word_1_207' title='bbox 616 3210 702 3277; x_wconf 86' lang='lat' dir='ltr'>docti</span> <span class='ocrx_word' id='word_1_208' title='bbox 722 3231 785 3276; x_wconf 92' lang='lat' dir='ltr'>non</span> <span class='ocrx_word' id='word_1_209' title='bbox 808 3221 961 3299; x_wconf 91' lang='lat' dir='ltr'>possunt,</span> <span class='ocrx_word' id='word_1_210' title='bbox 985 3215 1040 3298; x_wconf 89' lang='lat' dir='ltr'>qui</span> <span class='ocrx_word' id='word_1_211' title='bbox 1070 3212 1111 3279; x_wconf 89' lang='lat' dir='ltr'>ad</span> <span class='ocrx_word' id='word_1_212' title='bbox 1135 3235 1229 3280; x_wconf 90' lang='lat' dir='ltr'>ornne</span> <span class='ocrx_word' id='word_1_213' title='bbox 1254 3237 1356 3301; x_wconf 85' lang='lat' dir='ltr'>genus</span> 
     </span>
     <span class='ocr_line' id='line_1_25' title="bbox 166 3315 1357 3408; baseline 0.005 -26"><span class='ocrx_word' id='word_1_214' title='bbox 166 3318 363 3404; x_wconf 88' lang='lat' dir='ltr'>ineptiarum</span> <span class='ocrx_word' id='word_1_215' title='bbox 385 3325 461 3382; x_wconf 89' lang='lat' dir='ltr'>sunt</span> <span class='ocrx_word' id='word_1_216' title='bbox 483 3315 623 3400; x_wconf 86' lang='lat' dir='ltr'>delapsi,</span> <span class='ocrx_word' id='word_1_217' title='bbox 652 3323 689 3381; x_wconf 89' lang='lat' dir='ltr'>ut</span> <span class='ocrx_word' id='word_1_218' title='bbox 715 3315 845 3400; x_wconf 79' lang='lat' dir='ltr'>linguae</span> <span class='ocrx_word' id='word_1_219' title='bbox 869 3319 1103 3385; x_wconf 87' lang='lat' dir='ltr'>intermortuae</span> <span class='ocrx_word' id='word_1_220' title='bbox 1123 3320 1281 3386; x_wconf 88' lang='lat' dir='ltr'>rationem</span> <span class='ocrx_word' id='word_1_221' title='bbox 1299 3343 1357 3408; x_wconf 92' lang='lat' dir='ltr'>po·</span> 
     </span>
     <span class='ocr_line' id='line_1_26' title="bbox 165 3420 1356 3510; baseline 0.003 -22"><span class='ocrx_word' id='word_1_222' title='bbox 165 3423 241 3510; x_wconf 89' lang='lat' dir='ltr'>pulo</span> <span class='ocrx_word' id='word_1_223' title='bbox 261 3431 294 3489; x_wconf 94' lang='lat' dir='ltr'>et</span> <span class='ocrx_word' id='word_1_224' title='bbox 318 3421 400 3507; x_wconf 89' lang='lat' dir='ltr'>plebi</span> <span class='ocrx_word' id='word_1_225' title='bbox 431 3420 661 3497; x_wconf 87' lang='lat' dir='ltr'>obtruderent,</span> <span class='ocrx_word' id='word_1_226' title='bbox 685 3442 780 3505; x_wconf 76' lang='lat' dir='ltr'>qurum</span> <span class='ocrx_word' id='word_1_227' title='bbox 806 3422 868 3506; x_wconf 82' lang='lat' dir='ltr'>ipsi</span> <span class='ocrx_word' id='word_1_228' title='bbox 896 3444 957 3485; x_wconf 75' lang='lat' dir='ltr'>oron</span> <span class='ocrx_word' id='word_1_229' title='bbox 988 3422 1064 3486; x_wconf 79' lang='lat' dir='ltr'>sotis</span> <span class='ocrx_word' id='word_1_230' title='bbox 1086 3423 1254 3508; x_wconf 75' lang='lat' dir='ltr'>diligenter</span> <span class='ocrx_word' id='word_1_231' title='bbox 1276 3438 1356 3492; x_wconf 85' lang='lat' dir='ltr'>tena-</span> 
     </span>
     <span class='ocr_line' id='line_1_27' title="bbox 160 3523 1356 3614; baseline 0.003 -20"><span class='ocrx_word' id='word_1_232' title='bbox 160 3529 249 3594; x_wconf 80' lang='lat' dir='ltr'>-lrant</span> <span class='ocrx_word' id='word_1_233' title='bbox 296 3527 516 3594; x_wconf 85' lang='lat' dir='ltr'>Grammatica</span> <span class='ocrx_word' id='word_1_234' title='bbox 538 3545 590 3590; x_wconf 88' lang='lat' dir='ltr'>ars</span> <span class='ocrx_word' id='word_1_235' title='bbox 614 3530 647 3589; x_wconf 92' lang='lat' dir='ltr'>et</span> <span class='ocrx_word' id='word_1_236' title='bbox 676 3523 790 3588; x_wconf 91' lang='lat' dir='ltr'>critica</span> <span class='ocrx_word' id='word_1_237' title='bbox 818 3525 864 3590; x_wconf 90' lang='lat' dir='ltr'>ita</span> <span class='ocrx_word' id='word_1_238' title='bbox 892 3537 968 3590; x_wconf 90' lang='lat' dir='ltr'>sunt</span> <span class='ocrx_word' id='word_1_239' title='bbox 996 3531 1111 3593; x_wconf 89' lang='lat' dir='ltr'>natura</span> <span class='ocrx_word' id='word_1_240' title='bbox 1132 3538 1356 3614; x_wconf 88' lang='lat' dir='ltr'>comparatae,</span> 
     </span>
     <span class='ocr_line' id='line_1_28' title="bbox 166 3628 1353 3716; baseline 0 -16"><span class='ocrx_word' id='word_1_241' title='bbox 166 3642 222 3713; x_wconf 89' lang='lat' dir='ltr'>ut,</span> <span class='ocrx_word' id='word_1_242' title='bbox 245 3635 274 3700; x_wconf 92' lang='lat' dir='ltr'>si</span> <span class='ocrx_word' id='word_1_243' title='bbox 294 3652 388 3700; x_wconf 89' lang='lat' dir='ltr'>secus</span> <span class='ocrx_word' id='word_1_244' title='bbox 408 3632 534 3704; x_wconf 87' lang='lat' dir='ltr'>utaris,</span> <span class='ocrx_word' id='word_1_245' title='bbox 560 3631 593 3695; x_wconf 92' lang='lat' dir='ltr'>in</span> <span class='ocrx_word' id='word_1_246' title='bbox 622 3628 761 3694; x_wconf 90' lang='lat' dir='ltr'>absurda</span> <span class='ocrx_word' id='word_1_247' title='bbox 784 3630 892 3695; x_wconf 89' lang='lat' dir='ltr'>omnia</span> <span class='ocrx_word' id='word_1_248' title='bbox 916 3638 1030 3694; x_wconf 84' lang='lat' dir='ltr'>exeant</span> <span class='ocrx_word' id='word_1_249' title='bbox 1050 3638 1083 3696; x_wconf 89' lang='lat' dir='ltr'>et</span> <span class='ocrx_word' id='word_1_250' title='bbox 1103 3629 1297 3716; x_wconf 86' lang='lat' dir='ltr'>degenerent</span> <span class='ocrx_word' id='word_1_251' title='bbox 1320 3639 1353 3700; x_wconf 93' lang='lat' dir='ltr'>in</span> 
     </span>
     <span class='ocr_line' id='line_1_29' title="bbox 164 3735 1355 3826; baseline 0 -20"><span class='ocrx_word' id='word_1_252' title='bbox 164 3739 362 3806; x_wconf 88' lang='lat' dir='ltr'>malesanam</span> <span class='ocrx_word' id='word_1_253' title='bbox 392 3737 565 3822; x_wconf 88' lang='lat' dir='ltr'>quamdam</span> <span class='ocrx_word' id='word_1_254' title='bbox 597 3735 751 3815; x_wconf 82' lang='grc' dir='ltr'><em>οἰτεχνιάν</em></span> <span class='ocrx_word' id='word_1_255' title='bbox 782 3742 814 3800; x_wconf 91' lang='lat' dir='ltr'>et</span> <span class='ocrx_word' id='word_1_256' title='bbox 838 3735 990 3817; x_wconf 74' lang='lat' dir='ltr'>alopecias.</span> <span class='ocrx_word' id='word_1_257' title='bbox 1037 3736 1124 3802; x_wconf 91' lang='lat' dir='ltr'>Bona</span> <span class='ocrx_word' id='word_1_258' title='bbox 1148 3743 1256 3803; x_wconf 88' lang='lat' dir='ltr'>autem</span> <span class='ocrx_word' id='word_1_259' title='bbox 1281 3759 1355 3826; x_wconf 88' lang='lat' dir='ltr'>pars</span> 
     </span>
     <span class='ocr_line' id='line_1_30' title="bbox 163 3839 1353 3933; baseline 0.002 -21"><span class='ocrx_word' id='word_1_260' title='bbox 163 3865 295 3921; x_wconf 89' lang='lat' dir='ltr'>eorum,</span> <span class='ocrx_word' id='word_1_261' title='bbox 320 3844 375 3929; x_wconf 92' lang='lat' dir='ltr'>qui</span> <span class='ocrx_word' id='word_1_262' title='bbox 399 3842 519 3908; x_wconf 89' lang='lat' dir='ltr'>seriore</span> <span class='ocrx_word' id='word_1_263' title='bbox 548 3848 651 3908; x_wconf 87' lang='lat' dir='ltr'>aetate</span> <span class='ocrx_word' id='word_1_264' title='bbox 675 3839 886 3907; x_wconf 85' lang='lat' dir='ltr'>Grammatici</span> <span class='ocrx_word' id='word_1_265' title='bbox 909 3839 1120 3921; x_wconf 86' lang='lat' dir='ltr'>dicebantur,</span> <span class='ocrx_word' id='word_1_266' title='bbox 1145 3851 1232 3923; x_wconf 90' lang='lat' dir='ltr'>arte,</span> <span class='ocrx_word' id='word_1_267' title='bbox 1255 3866 1353 3933; x_wconf 88' lang='lat' dir='ltr'>quam</span> 
     </span>
     <span class='ocr_line' id='line_1_31' title="bbox 162 3947 1354 4038; baseline 0.006 -24"><span class='ocrx_word' id='word_1_268' title='bbox 162 3949 419 4038; x_wconf 81' lang='lat' dir='ltr'>profitebantur,</span> <span class='ocrx_word' id='word_1_269' title='bbox 453 3967 619 4034; x_wconf 88' lang='lat' dir='ltr'>perperam</span> <span class='ocrx_word' id='word_1_270' title='bbox 650 3953 682 4012; x_wconf 92' lang='lat' dir='ltr'>et</span> <span class='ocrx_word' id='word_1_271' title='bbox 712 3953 916 4032; x_wconf 83' lang='lat' dir='ltr'>praepostere</span> <span class='ocrx_word' id='word_1_272' title='bbox 945 3947 1137 4027; x_wconf 88' lang='lat' dir='ltr'>utebantur,</span> <span class='ocrx_word' id='word_1_273' title='bbox 1166 3950 1293 4018; x_wconf 91' lang='lat' dir='ltr'>molesti</span> <span class='ocrx_word' id='word_1_274' title='bbox 1320 3962 1354 4022; x_wconf 89' lang='lat' dir='ltr'>et</span> 
     </span>
     <span class='ocr_line' id='line_1_32' title="bbox 162 4050 1352 4137; baseline 0.004 -17"><span class='ocrx_word' id='word_1_275' title='bbox 162 4055 265 4121; x_wconf 91' lang='lat' dir='ltr'>odiosi</span> <span class='ocrx_word' id='word_1_276' title='bbox 298 4053 467 4119; x_wconf 89' lang='lat' dir='ltr'>verborum</span> <span class='ocrx_word' id='word_1_277' title='bbox 493 4073 642 4119; x_wconf 90' lang='lat' dir='ltr'>censores</span> <span class='ocrx_word' id='word_1_278' title='bbox 659 4059 691 4118; x_wconf 87' lang='lat' dir='ltr'>et</span> <span class='ocrx_word' id='word_1_279' title='bbox 715 4050 867 4117; x_wconf 91' lang='lat' dir='ltr'>dictionis</span> <span class='ocrx_word' id='word_1_280' title='bbox 896 4051 1046 4137; x_wconf 90' lang='lat' dir='ltr'>probatae</span> <span class='ocrx_word' id='word_1_281' title='bbox 1066 4062 1248 4133; x_wconf 66' lang='lat' dir='ltr'>exactorem</span> <span class='ocrx_word' id='word_1_282' title='bbox 1274 4058 1352 4129; x_wconf 89' lang='lat' dir='ltr'>dum</span> 
     </span>
     <span class='ocr_line' id='line_1_33' title="bbox 158 4156 1352 4247; baseline 0.006 -21"><span class='ocrx_word' id='word_1_283' title='bbox 158 4162 222 4226; x_wconf 85' lang='lat' dir='ltr'>toti</span> <span class='ocrx_word' id='word_1_284' title='bbox 238 4166 333 4226; x_wconf 88' lang='lat' dir='ltr'>erarrt</span> <span class='ocrx_word' id='word_1_285' title='bbox 353 4159 387 4223; x_wconf 94' lang='lat' dir='ltr'>in</span> <span class='ocrx_word' id='word_1_286' title='bbox 405 4158 510 4225; x_wconf 84' lang='lat' dir='ltr'>verbis</span> <span class='ocrx_word' id='word_1_287' title='bbox 532 4167 563 4225; x_wconf 90' lang='lat' dir='ltr'>et</span> <span class='ocrx_word' id='word_1_288' title='bbox 587 4156 720 4246; x_wconf 82' lang='lat' dir='ltr'>syllabis</span> <span class='ocrx_word' id='word_1_289' title='bbox 737 4164 769 4224; x_wconf 90' lang='lat' dir='ltr'>et</span> <span class='ocrx_word' id='word_1_290' title='bbox 788 4158 934 4244; x_wconf 90' lang='lat' dir='ltr'>apicibus</span> <span class='ocrx_word' id='word_1_291' title='bbox 946 4158 1111 4238; x_wconf 89' lang='lat' dir='ltr'>notandis,</span> <span class='ocrx_word' id='word_1_292' title='bbox 1132 4159 1165 4226; x_wconf 94' lang='lat' dir='ltr'>id</span> <span class='ocrx_word' id='word_1_293' title='bbox 1177 4163 1262 4247; x_wconf 86' lang='lat' dir='ltr'>quod</span> <span class='ocrx_word' id='word_1_294' title='bbox 1282 4175 1352 4233; x_wconf 89' lang='lat' dir='ltr'>erat</span> 
     </span>
     <span class='ocr_line' id='line_1_34' title="bbox 162 4261 1352 4352; baseline 0.005 -20"><span class='ocrx_word' id='word_1_295' title='bbox 162 4267 208 4332; x_wconf 91' lang='lat' dir='ltr'>rei</span> <span class='ocrx_word' id='word_1_296' title='bbox 240 4270 354 4350; x_wconf 88' lang='lat' dir='ltr'>caput,</span> <span class='ocrx_word' id='word_1_297' title='bbox 384 4270 421 4328; x_wconf 89' lang='lat' dir='ltr'>ut</span> <span class='ocrx_word' id='word_1_298' title='bbox 452 4272 539 4330; x_wconf 90' lang='lat' dir='ltr'>recte</span> <span class='ocrx_word' id='word_1_299' title='bbox 570 4265 769 4350; x_wconf 81' lang='lat' dir='ltr'>cogitaretur</span> <span class='ocrx_word' id='word_1_300' title='bbox 790 4272 822 4328; x_wconf 91' lang='lat' dir='ltr'>et</span> <span class='ocrx_word' id='word_1_301' title='bbox 843 4261 928 4349; x_wconf 88' lang='lat' dir='ltr'>quod</span> <span class='ocrx_word' id='word_1_302' title='bbox 956 4272 1042 4329; x_wconf 89' lang='lat' dir='ltr'>recte</span> <span class='ocrx_word' id='word_1_303' title='bbox 1058 4272 1144 4331; x_wconf 86' lang='lat' dir='ltr'>esset</span> <span class='ocrx_word' id='word_1_304' title='bbox 1174 4269 1352 4352; x_wconf 85' lang='lat' dir='ltr'>cogitatum</span> 
     </span>
     <span class='ocr_line' id='line_1_35' title="bbox 162 4368 1351 4457; baseline 0.006 -20"><span class='ocrx_word' id='word_1_305' title='bbox 162 4370 270 4437; x_wconf 85' lang='lat' dir='ltr'>verbis</span> <span class='ocrx_word' id='word_1_306' title='bbox 299 4368 384 4455; x_wconf 89' lang='lat' dir='ltr'>aptis</span> <span class='ocrx_word' id='word_1_307' title='bbox 406 4375 438 4434; x_wconf 91' lang='lat' dir='ltr'>et</span> <span class='ocrx_word' id='word_1_308' title='bbox 465 4369 588 4434; x_wconf 88' lang='lat' dir='ltr'>idoneis</span> <span class='ocrx_word' id='word_1_309' title='bbox 612 4368 795 4443; x_wconf 87' lang='lat' dir='ltr'>diceretur,</span> <span class='ocrx_word' id='word_1_310' title='bbox 824 4368 932 4433; x_wconf 88' lang='lat' dir='ltr'>nescio</span> <span class='ocrx_word' id='word_1_311' title='bbox 955 4369 1113 4453; x_wconf 91' lang='lat' dir='ltr'>quomodo</span> <span class='ocrx_word' id='word_1_312' title='bbox 1137 4377 1351 4457; x_wconf 86' lang='lat' dir='ltr'>praetervide-</span> 
     </span>
     <span class='ocr_line' id='line_1_36' title="bbox 164 4472 1352 4556; baseline 0.005 -14"><span class='ocrx_word' id='word_1_313' title='bbox 164 4484 241 4543; x_wconf 91' lang='lat' dir='ltr'>runt</span> <span class='ocrx_word' id='word_1_314' title='bbox 262 4483 296 4542; x_wconf 87' lang='lat' dir='ltr'>ct</span> <span class='ocrx_word' id='word_1_315' title='bbox 323 4475 370 4540; x_wconf 91' lang='lat' dir='ltr'>sic</span> <span class='ocrx_word' id='word_1_316' title='bbox 393 4472 523 4539; x_wconf 90' lang='lat' dir='ltr'>landem</span> <span class='ocrx_word' id='word_1_317' title='bbox 547 4475 737 4539; x_wconf 87' lang='lat' dir='ltr'>amiserunt.</span> <span class='ocrx_word' id='word_1_318' title='bbox 787 4472 908 4538; x_wconf 89' lang='lat' dir='ltr'>llerum</span> <span class='ocrx_word' id='word_1_319' title='bbox 932 4472 1033 4556; x_wconf 89' lang='lat' dir='ltr'>igitur</span> <span class='ocrx_word' id='word_1_320' title='bbox 1061 4481 1094 4540; x_wconf 92' lang='lat' dir='ltr'>et</span> <span class='ocrx_word' id='word_1_321' title='bbox 1116 4480 1352 4553; x_wconf 81' lang='lat' dir='ltr'>sententiarum</span> 
     </span>
     <span class='ocr_line' id='line_1_37' title="bbox 163 4577 1351 4668; baseline 0.008 -22"><span class='ocrx_word' id='word_1_322' title='bbox 163 4582 274 4668; x_wconf 87' lang='lat' dir='ltr'>inopes</span> <span class='ocrx_word' id='word_1_323' title='bbox 302 4587 335 4646; x_wconf 89' lang='lat' dir='ltr'>et</span> <span class='ocrx_word' id='word_1_324' title='bbox 370 4580 555 4646; x_wconf 85' lang='lat' dir='ltr'>ioculariter</span> <span class='ocrx_word' id='word_1_325' title='bbox 592 4578 696 4663; x_wconf 88' lang='lat' dir='ltr'>ignari</span> <span class='ocrx_word' id='word_1_326' title='bbox 730 4577 790 4643; x_wconf 94' lang='lat' dir='ltr'>boc</span> <span class='ocrx_word' id='word_1_327' title='bbox 822 4597 924 4642; x_wconf 91' lang='lat' dir='ltr'>unum</span> <span class='ocrx_word' id='word_1_328' title='bbox 956 4579 1157 4659; x_wconf 90' lang='lat' dir='ltr'>retinebant,</span> <span class='ocrx_word' id='word_1_329' title='bbox 1190 4590 1226 4648; x_wconf 91' lang='lat' dir='ltr'>ut</span> <span class='ocrx_word' id='word_1_330' title='bbox 1253 4588 1351 4656; x_wconf 88' lang='lat' dir='ltr'>verba</span> 
     </span>
     <span class='ocr_line' id='line_1_38' title="bbox 164 4681 1351 4774; baseline 0.005 -22"><span class='ocrx_word' id='word_1_331' title='bbox 164 4694 333 4774; x_wconf 89' lang='lat' dir='ltr'>carperent</span> <span class='ocrx_word' id='word_1_332' title='bbox 356 4693 388 4753; x_wconf 91' lang='lat' dir='ltr'>ct</span> <span class='ocrx_word' id='word_1_333' title='bbox 411 4705 484 4750; x_wconf 90' lang='lat' dir='ltr'>cum</span> <span class='ocrx_word' id='word_1_334' title='bbox 511 4683 720 4750; x_wconf 91' lang='lat' dir='ltr'>barbarismis</span> <span class='ocrx_word' id='word_1_335' title='bbox 745 4690 778 4749; x_wconf 91' lang='lat' dir='ltr'>et</span> <span class='ocrx_word' id='word_1_336' title='bbox 797 4681 995 4749; x_wconf 89' lang='lat' dir='ltr'>soloecismis</span> <span class='ocrx_word' id='word_1_337' title='bbox 1013 4685 1095 4752; x_wconf 89' lang='lat' dir='ltr'>bella</span> <span class='ocrx_word' id='word_1_338' title='bbox 1112 4699 1262 4772; x_wconf 90' lang='lat' dir='ltr'>gererent</span> <span class='ocrx_word' id='word_1_339' title='bbox 1281 4693 1351 4759; x_wconf 89' lang='lat' dir='ltr'>nul·</span> 
     </span>
     <span class='ocr_line' id='line_1_39' title="bbox 163 4788 1350 4880; baseline 0.007 -24"><span class='ocrx_word' id='word_1_340' title='bbox 163 4790 208 4860; x_wconf 91' lang='lat' dir='ltr'>los</span> <span class='ocrx_word' id='word_1_341' title='bbox 235 4791 386 4860; x_wconf 89' lang='lat' dir='ltr'>habitura</span> <span class='ocrx_word' id='word_1_342' title='bbox 409 4788 600 4876; x_wconf 86' lang='lat' dir='ltr'>triumphos.</span> <span class='ocrx_word' id='word_1_343' title='bbox 648 4790 790 4875; x_wconf 84' lang='lat' dir='ltr'>Castigat</span> <span class='ocrx_word' id='word_1_344' title='bbox 820 4790 958 4856; x_wconf 90' lang='lat' dir='ltr'>istorum</span> <span class='ocrx_word' id='word_1_345' title='bbox 988 4791 1125 4880; x_wconf 89' lang='lat' dir='ltr'>ineptias</span> <span class='ocrx_word' id='word_1_346' title='bbox 1153 4812 1248 4879; x_wconf 85' lang='lat' dir='ltr'>saepe</span> <span class='ocrx_word' id='word_1_347' title='bbox 1274 4796 1350 4864; x_wconf 85' lang='lat' dir='ltr'>(lac-</span> 
     </span>
    </p>
   </div>
   <div class='ocr_carea' id='block_1_3' title="bbox 0 0 1660 5750">
    <p class='ocr_par' dir='ltr' id='par_1_3' title="bbox 0 0 1660 5750">
     <span class='ocr_line' id='line_1_40' title="bbox 0 0 1660 5750; baseline 0 5"><span class='ocrx_word' id='word_1_348' title='bbox 0 0 1660 5750; x_wconf 95' lang='lat' dir='ltr'> </span> 
     </span>
    </p>
   </div>
  </div>
 </body>
</html>
