3309 5750
237 645 293 697 ΧΠ

242 815 377 893 dustria
398 819 434 887 et
456 799 555 885 uerae
575 808 689 884 laudis
711 827 807 882 amor
828 809 921 883 lenta
940 807 1107 906 patientia
1127 808 1259 905 optima
1279 816 1316 883 et
1333 834 1414 909 per·

245 925 434 1019 lectissima
456 943 642 1037 quaerens,
674 936 725 1009 nil
743 942 861 1015 actum
885 943 1049 1033 reputans
1075 936 1161 1009 dnm
1184 936 1275 1033 quid·
1296 961 1417 1035 super·

248 1071 295 1145 sit
324 1068 517 1168 agendum,
548 1089 618 1138 non
639 1054 801 1163 pleusum
826 1061 1066 1137 multitudinis
1085 1072 1228 1161 captane
1250 1065 1313 1137 sed
1330 1088 1418 1162 pru·-

248 1183 462 1273 dentissimis
489 1183 627 1292 probari
653 1192 736 1265 satis
757 1190 909 1279 habens,
934 1192 1063 1288 quibus
1086 1179 1252 1266 duratura
1279 1192 1420 1290 placent

246 1327 298 1400 τοὶ
319 1327 596 1423 ἐξειργασμένα
620 1321 690 1394 καὶ
715 1316 1019 1418 διηκριβωμένα.
1061 1316 1204 1416 Siquis
1227 1318 1336 1417 igitur
1354 1320 1417 1394 ho-

248 1477 328 1526 rum
362 1450 551 1548 egregiam·
566 1446 719 1520 indolem
750 1469 832 1519 cum
856 1446 1012 1524 doctrina
1031 1445 1216 1543 multiplici
1240 1434 1420 1546 solidaque

249 1579 393 1653 feliciter
412 1575 647 1661 coniunxerit,
667 1574 791 1673 spretis
814 1560 1033 1647 indoctorum
1056 1572 1332 1672 obstrepentium
1359 1599 1419 1649 vo-

249 1708 337 1782 culis
362 1713 399 1779 et
421 1712 543 1779 tenens
568 1703 655 1777 illud
683 1701 942 1805 Theocriteumr
977 1702 1101 1801 αὕτᾶρ
1122 1703 1198 1801 ἐγὼ
1219 1704 1421 1797 βασεῦμαι

253 1834 353 1932 ἐμάν
384 1831 494 1923 ὁδόν,
523 1831 841 1931 interpretationem
865 1814 1033 1905 Veterum
1065 1855 1147 1904 cum
1181 1830 1422 1906 'emendatione

253 1985 390 2060 semper
402 1947 638 2046 consociate,
670 1947 820 2056 quorum
839 1967 1028 2057 utrumque
1049 1984 1111 2057 per
1129 1975 1171 2032 'se
1191 1959 1354 2057 indigens
1373 1959 1423 2034 al·

253 2096 368 2162 terum
399 2087 539 2162 alterius
569 2086 697 2159 auxilio
728 2094 817 2186 eget.
868 2087 950 2159 Non
978 2086 1095 2159 minus
1123 2092 1249 2185 peccet·
1264 2086 1325 2182 qui
1348 2109 1423 2164 cur·

255 2222 358 2313 rupta
380 2205 508 2287 temere
530 2212 777 2311 interpretetur
798 2228 906 2311 quam'
929 2200 1308 2311 qui'sanainconsultc
1330 2215 1423 2288 velli·

255 2351 342 2418 cat·
373 2341 529 2416 Tertium
549 2349 604 2415 est
624 2341 699 2414 vitii
724 2327 854 2439 genusss
885 2341 934 2414 in
946 2340 1164 2439 quudsaepe
1184 2341 1335 2415 iuniores
1357 2342 1423 2422 im·

257 2470 376 2571 plicari
396 2469 515 2559 video,
533 2469 595 2568 qui
608 2470 724 2544 locum
744 2468 912 2543 vitiosum
923 2469 1023 2546 nacti.
1031 2455 1172 2542 levibus
1184 2476 1219 2541 et
1237 2470 1427 2555 temerariis

255 2597 534 2674 correctiunculis
568 2622 690 2672 vexare
718 2597 873 2671 malunt·
889 2620 995 2693 quam
1026 2595 1426 2694 intactum'relinquere,

257 2734 293 2800 et
311 2714 413 2824 saepe
433 2718 754 2799 vitlosia'vitiosiore
766 2717 1021 2802 substituente·-
1034 2717 1099 2797 hoc
1118 2717 1429 2800 vero-estuaret·

259 2879 327 2931 ow
350 2853 495 2931 ἰᾶσθαι
516 2838 642 2941 αακιί,Ι
663 2860 700 2925 et
725 2853 818 2926 male
846 2850 1073 2949 imperiteque
1100 2843 1273 2924 medendo
1300 2869 1428 2953 sugere

260 2979 432 3055 morbum.
465 2979 581 3052 *Haec
613 2968 689 3077 ipsa
724 3003 778 3053 res
811 2965 902 3065 csta¹
919 3003 1009 3076 quac
1040 2970 1136 3079 apud
1165 2980 1293 3054 multos
1319 2982 1434 3056 etiam‘

263 3107 413 3181 saniores
436 3104 600 3179 (triticam
621 3106 658 3178 iu
680 3108 896 3185 contemtum
918 3096 1121 3179 adduxit-ct
1144 3099 1432 3203 praeclarissimae

263 3234 314 3308 rei
345 3241 484 3308 tuntum
511 3222 661 3307 invidiae
687 3223 872 3313 conflavit}
908 3235 960 3307 ln
978 3224 1178 3309 Crenaorus
1203 3235 1277 3308 loco
1298 3237 1430 3313 ridicu·

265 3350 340 3435 lum
364 3361 402 3434 in
426 3362 571 3436 modum
594 3362 797 3459 depravate,
816 3346 928 3460 ¹quem
943 3386 1054 3460 supra
1076 3352 1282 3454 attulimus,¹
1297 3388 1377 3463 pre:
1403 3375 1437 3442 ct

263 3516 315 3564 mc
344 3513 423 3564 aar.
449 3513 529 3564 num
554 3474 751 3588 permenam
771 3491 1137 3585 ficieeeM'Anusrma
1169 3491 1315 3564 correxit
1336 3494 1433 3568 scili·

246 3625 336 3692 cet:
363 3626 398 3691 et
418 3643 470 3697 me
483 3637 698 3690 ursarrcmm
714 3642 910 3714 permenam
921 3606 1055 3713 scisse,
1080 3617 1191 3715 idque
1202 3619 1252 3691 de
1273 3644 1311 3692 se
1328 3622 1441 3699 Crem.

266 3769 394 3819 eornm
428 3744 579 3818 iocatum
611 3767 687 3816 esse
725 3743 871 3841 putavit.
934 3745 977 3818 ln
1013 3746 1211 3820 Sosrrarar
1241 3773 1343 3822 versu
1359 3750 1436 3824 -de·

267 3879 429 3976 pravatoq
920 3886 922 3893 ‘
1039 3890 1041 3895 ·
1121 3866 1123 3870 ’
1222 3879 1224 3893 ⁵

350 3999 446 4077 etto}
470 4004 703 4074 πέπαυται
724 4001 771 4074 τὸ
793 4011 960 4102 πρᾶγμα·
980 4005 1049 4078 καὶ
1071 3993 1212 4088 πάντες
1235 4003 1409 4099 σχεδόν·

343 4126 448 4205 εἶναι
486 4128 669 4227 μάγειροί
684 4155 821 4221 4φασιν
857 4129 973 4206 οὐδὲν
996 4130 1201 4224 ·ει”δόπες,’
1234 4149 1236 4153 ’
1345 4128 1347 4130 ’

272 4248 340 4331 fuit
361 4255 424 4354 qui
446 4261 634 4354 πέπραται
657 4265 837 4354 reponeret
860 4265 895 4333 et
916 4244 1105 4332 sententiae
1124 4267 1160 4332 et
1180 4266 1291 4334 metro
1315 4252 1465 4338 norem'

273 4383 459 4484 perniciem
486 4382 642 4458 afferens.
692 4375 885 4461 Poasouns
914 4379 1098 4465 πέπλυται
1122 4377 1268 4485 reperit,
1301 4397 1337 4462 et
1363 4393 1442 4466 mil·

275 4510 367 4589 lena
388 4506 588 4588 huiusmodi
619 4533 663 4587 ex
687 4505 1143 4613 ‘Principum'cntieorum
1162 4515 1296 4614 scriptis
1329 4519 1445 4618 colligi

275 4649 433 4744 possunt.
447 4632 752 4718 --·Discant-milr·i
766 4636 1077 4726 annisa-iuvenes.
1099 4663 1218 4740 quum
1230 4645 1445 4740 praeclaram

278 4772 323 4844 sit
337 4768 544 4848 emendandi
560 4761 1250 4869 praesidiumuecercetalaeographleajl
1263 4797 1352 4870 quee
1371 4776 1443 4849 sola
