3309 5750
744 713 785 775 lli

178 898 230 961 τοῦ
253 912 322 957 esse
350 891 479 977 arguit,
503 892 550 955 sie
577 889 735 974 scriptus:
768 885 906 967 ἕννόμιζε
925 884 977 951 νοοῖ
1002 884 1115 963 σέβου,
1145 884 1229 967 ζήτει
1253 886 1284 951 δὲ
1308 886 1365 965 μή.

177 1018 315 1085 Videsne
339 999 563 1083 ὦῖῖΝΟΜΙΖΕ
585 1016 606 1078 i.
620 1034 647 1079 e.
673 1012 737 1078 bein
763 1008 870 1092 νόμιζε
887 1009 1044 1097 quomodo
1068 1010 1100 1075 in
1120 1010 1255 1094 ἔννόμιζε
1277 1011 1362 1079 abie-

179 1125 233 1190 rit.
281 1124 349 1189 Non
374 1121 514 1208 simplici
542 1118 626 1185 malo
649 1117 773 1183 laborat
797 1115 977 1182 versiculus
1002 1115 1072 1181 sinc
1099 1126 1210 1203 poetae
1235 1118 1366 1183 nornine

177 1225 327 1294 laudatus
354 1248 383 1314 p.
404 1229 479 1293 717.

314 1333 359 1398 τὺ
384 1333 410 1398 δ’
434 1333 472 1395 οὐ
497 1328 567 1395 τάδ’
588 1323 681 1403 εἴποις
704 1329 751 1408 μὴ
773 1325 878 1405 λέγειν
901 1320 924 1390 οῖ
946 1347 996 1398 τις
1018 1331 1135 1409 φρονεῖ.

176 1444 212 1502 tu
237 1456 355 1524 repone
376 1456 415 1501 ex
439 1435 596 1499 Eunrrmrs
619 1433 869 1522 Phoenissisvs.
892 1433 969 1495 592.

314 1540 452 1605 batiaca
476 1534 538 1604 τόδ’
563 1534 655 1612 εἴποις
679 1539 744 1604 ιιτὲ.
770 1567 773 1572 ·
1288 1624 1290 1628 Ι

178 1632 297 1709 emissa
316 1643 461 1708 litterula
485 1653 513 1709 Δ
535 1645 666 1730 apparet
688 1650 833 1711 οΤΛοΤ
854 1643 887 1707 in
907 1642 945 1707 τὺ
966 1641 1038 1707 δὀὐ
1059 1639 1367 1728 cssebepravatnm,

181 1748 267 1814 urrde
291 1748 421 1835 colligas
440 1748 564 1815 litteras
577 1746 715 1816 initiales
728 1765 789 1814 nnn
809 1746 910 1813 luisse
922 1745 1117 1832 adscriptas,
1142 1754 1199 1811 ant
1220 1766 1282 1812 ncn
1297 1746 1366 1814 ubi·

180 1874 259 1939 que,
285 1856 437 1920 inceleri
460 1855 560 1932 libro,
585 1854 669 1921 unde
685 1854 886 1919 Florentium
905 1850 1088 1937 descriptus
1106 1859 1166 1917 est.
1190 1850 1227 1917 ln
1239 1860 1367 1919 senten·

177 1959 244 2037 tia,
279 1980 361 2045 quae
391 1961 591 2026 Prrnaecaas
624 1959 783 2026 tribuitur
817 1980 848 2046 p.
874 1962 937 2023 705
969 1957 1157 2022 ἐπιδείκνυσι
1180 1958 1224 2036 μὴ
1246 1957 1277 2023 ἕν
1300 1966 1366 2033 τοῖς

174 2063 280 2143 λόγοις
303 2061 325 2130 οἳ
347 2071 468 2147 φρονεῖν
490 2067 566 2133 ἀλλ’
590 2068 623 2131 ἕν
645 2070 709 2140 τοῖς
733 2064 833 2147 ἔργοις
857 2060 879 2129 oi
903 2070 1021 2138 ποιεῖν,
1046 2061 1171 2149 decepit
1194 2061 1364 2130 librarium

176 2189 279 2234 nexus
310 2170 442 2255 quidam
477 2170 617 2258 syllabae
643 2196 698 2249 ευ,
723 2171 779 2256 qui
811 2169 988 2234 oscitanter
1017 2166 1134 2252 legenti
1159 2186 1179 2232 a
1210 2166 1319 2234 littera
1342 2192 1366 2234 ιι

174 2272 254 2337 nibil
286 2274 470 2362 discrepat,
504 2284 539 2340 ut
569 2276 611 2340 sit
639 2272 811 2361 legendum
836 2271 870 2340 εὖ
892 2278 1013 2357 φρονεῖν
1037 2280 1069 2337 ei
1092 2268 1127 2338 εὖ
1150 2280 1257 2338 ποιεῖν.
1305 2272 1366 2339 Εο-Ι

174 2370 248 2444 aiem
277 2379 371 2443 moto
398 2392 419 2445 οι
442 2389 474 2446 et
494 2405 526 2445 ευ
549 2383 667 2466 passim
696 2379 936 2468 permiscentur
958 2387 990 2443 et
1015 2396 1211 2463 quamquam
1234 2396 1274 2443 ex
1304 2377 1364 2445 hcc

175 2484 284 2549 errore
309 2485 501 2549 eontrarium
525 2504 617 2571 saepe
641 2484 761 2551 dicitur
778 2503 887 2570 quam
920 2482 1005 2569 quod
1036 2483 1162 2547 dixerat
1190 2482 1309 2568 aliquis
1332 2490 1366 2549 et

176 2608 269 2654 mens
293 2609 370 2654 sana
396 2590 557 2676 postulat,
582 2590 762 2655 diutissime
788 2590 886 2678 etiam
910 2587 970 2653 bae
994 2587 1134 2672 ineptiae
1162 2586 1366 2655 eruditorum

174 2692 291 2773 oculos,
311 2693 502 2774 lelellerunt.
550 2695 618 2761 Non
644 2694 743 2760 ieram
774 2693 899 2759 diutius
920 2690 1059 2756 θοιολιιιι
1085 2691 1132 2755 sic
1156 2690 1364 2777 ineptientem

175 2797 261 2886 apud
281 2798 482 2865 Pnurlnenuu
503 2800 537 2863 in
558 2801 624 2865 vita
649 2820 717 2887 cap.
732 2798 859 2865 xxvii.
904 2797 1057 2871 Ἕλλησιν
1070 2848 1078 2875 ,
1091 2787 1205 2872 'aiam
1229 2793 1364 2877 ὦβοιτι·

173 2908 231 2972 λοῦ
256 2907 379 2983 Λυδῶν,
404 2905 477 2988 πρός
498 2931 534 2972 τε
558 2905 668 2972 ποῖλλοι
687 2907 817 2989 μετρίως
841 2904 925 2986 ἔχειν
947 2905 1042 2978 tiele
1062 2902 1154 2968 ἔδωκε
1174 2903 1227 2969 xci
1248 2905 1363 2987 σοφίαι

173 3012 255 3084 τινὸς
280 3012 459 3093 εὐθοιρτοῦς,
483 3015 521 3085 ὡς
543 3010 637 3088 ἔοικε,
662 3013 715 3078 nai
740 3012 925 3090 δημοτικῆς,
950 3013 983 3075 οὐ
1003 3011 1173 3089 βασιλικῆς
1192 3010 1259 3075 otti
1278 3025 1363 3091 λοιμ·

174 3120 256 3199 πρῖος
282 3119 339 3182 ὑπὸ
363 3114 561 3199 μετριότητος
581 3122 653 3199 ἡμῖν
673 3116 822 3198 μέτεςιν,
847 3116 920 3203 quis
949 3115 1134 3182 admonitus
1157 3115 1364 3184 nnnaidebit

173 3209 324 3304 ιὶθοοροοῦς
349 3240 461 3287 verum
485 3224 580 3290 esset

219 3328 257 3392 ln
281 3325 461 3413 fragmento
486 3328 651 3393 Scancacrs
674 3349 704 3414 p.
719 3331 785 3393 699
810 3326 1005 3408 Σοφοκλέους
1028 3327 1192 3410 Ἐριφύλῃ.

175 3433 182 3446 '
404 3435 567 3510 ..γλῶττ’
593 3432 628 3496 ἓν
652 3427 747 3496 οῖτιν
771 3430 916 3512 ἀνδράσιν
938 3433 1031 3523 τιροῖρν
1055 3430 1123 3510 ἔχει

399 3532 473 3603 ὅπου
498 3537 586 3616 λόγοι
611 3534 744 3602 τθὲνοντι
766 3542 825 3601 τῶν
850 3535 945 3615 ἕργοιν
968 3534 1073 3598 πλέον.

172 3649 249 3710 'cave
278 3642 444 3709 existimes
474 3640 513 3708 ab
543 3640 637 3706 initio
658 3638 835 3727 quidquam
859 3637 986 3715 deesse,
1012 3645 1048 3702 ut
1072 3638 1209 3723 passim,
1233 3640 1363 3710 rubrica

172 3746 398 3836 supplendum.
447 3749 483 3815 ln
509 3747 597 3814 hunc
621 3745 752 3812 niodum
772 3745 928 3811 tlatnnum
953 3744 1090 3809 resarci:

174 3857 180 3868 '
357 3857 476 3933 γλῶττ’
502 3854 538 3919 ἕν
561 3859 726 3919 κενοῖσιν
750 3848 894 3933 alapam
917 3851 1011 3930 anaim
1034 3849 1114 3931 ἔχει.

172 3955 327 4023 Iliustlem
351 3965 463 4044 poetae
486 3957 576 4025 lncus
599 3978 630 4044 p.
657 3958 721 4023 776
755 3957 894 4022 nimium
926 3955 982 4021 diu
1015 3956 1168 4024 mendum
1202 3957 1283 4028 aluit
1308 3962 1361 4054 (ex

173 4063 269 4129 Αῖοιο
292 4082 339 4132 vs.
357 4063 452 4154 964.)

177 4160 180 4164 ’
357 4172 382 4236 οῖ
406 4168 469 4251 γῖιρ
492 4165 579 4235 acaci
604 4171 760 4249 γνώμοιιτι
783 4168 956 4253 adpulit
978 4175 1081 4249 χεροῖν

357 4273 483 4356 ἔχοντες
508 4277 561 4341 οὐκ
584 4275 670 4341 ῖτοιτι
694 4275 763 4356 πρίν
786 4299 835 4348 τις
859 4273 992 4357 ἔκβοίλρ.

174 4379 286 4446 eadem
312 4379 406 4445 lectio
430 4381 463 4444 in
489 4379 651 4447 Saracenis
675 4380 767 4448 codd.
793 4379 917 4457 lertnr,
942 4387 978 4445 ut
1004 4388 1097 4447 retus
1115 4399 1185 4447 csse
1206 4383 1359 4453 mendum

173 4490 335 4572 appareat.
383 4484 503 4574 Nempe
526 4487 667 4566 τοῖγοοθόν
688 4488 721 4552 in
742 4484 793 4552 his
813 4485 920 4552 verbis
941 4484 1096 4552 absonum
1115 4492 1180 4553 est:
1205 4508 1269 4574 qun
1291 4511 1362 4557 sen·

173 4609 212 4656 sn
230 4589 371 4671 τοῖγοιῖόο
396 4589 524 4660 dicatur
545 4593 664 4680 optime
685 4592 798 4661 sentiri
819 4597 924 4679 petest
944 4611 983 4658 ex
1006 4590 1066 4658 hcc
1086 4591 1184 4660 nobili
1204 4594 1361 4680 Eunrrrms

172 4694 258 4764 loco:
345 4712 349 4719 ’
