3309 5750
849 647 869 709 8

274 828 340 886 tem
366 838 405 884 ex
433 816 571 885 absurdo
590 837 699 886 errore
721 819 878 902 oeIAN?
911 820 1080 887 Praeterea
1097 820 1272 907 expungite
1291 821 1373 888 mibi
1392 822 1473 891 aite-

274 944 350 991 rum
373 923 572 1012 articulum,
589 944 630 990 ne
653 923 776 991 iudices
798 931 911 991 contra
934 927 985 991 ius
1009 925 1100 992 binas
1118 928 1294 993 sententias
1311 925 1401 994 ferre
1424 930 1473 995 iu·

274 1029 435 1110 beantur,
461 1038 496 1097 ut
527 1028 708 1097 scribatur:
739 1032 795 1107 τὸηιι
825 1032 911 1099 ὁσὸιιι
935 1030 988 1096 κοιὸ
1012 1030 1130 1114 εὔορκοι
1149 1037 1267 1115 ψῆφον.
1307 1033 1475 1099 Donamus

277 1137 403 1221 ipsoex
430 1134 528 1200 buius
551 1135 671 1200 erroris
690 1135 912 1204 observatione
935 1137 1061 1201 dennu
1084 1135 1191 1202 locum
1213 1137 1245 1201 in
1273 1136 1378 1202 Vanis
1397 1136 1473 1203 His·

277 1241 497 1328 toriisoptime
516 1240 704 1305 restitutum
728 1259 797 1306 esse
821 1240 988 1307 admonuit
1004 1241 1086 1307 VIII.
1114 1248 1142 1307 1.
1159 1241 1213 1306 ubi
1238 1240 1390 1308 Soomres
1408 1262 1473 1309 non

277 1349 381 1429 φωνην
412 1344 568 1420 πολλσὸκις
602 1344 742 1429 ἔφασκεν
766 1346 873 1412 ὁσὸσιι
896 1355 1053 1427 πομπῆς
1084 1346 1357 1429 ἕηκεκληριομὸιηι
1386 1349 1473 1431 οιὸτιῖι

278 1450 334 1518 sed
362 1453 428 1535 όεὸηι
457 1459 582 1533 πομπῇ.
639 1446 750 1515 Obiter
772 1449 854 1516 addo
884 1453 1180 1535 συγκεκληρσιμέιηι
1199 1452 1379 1537 genuinum
1400 1471 1472 1518 esse

278 1576 337 1644 pro
359 1558 430 1636 ε’γκ.
466 1556 568 1637 Quam
594 1554 687 1621 IaciIe
711 1564 743 1622 et
756 1575 855 1642 quam
878 1577 972 1644 saepe
995 1559 1026 1623 ἐι
1039 1565 1071 1623 et
1083 1558 1138 1625 σόι
1151 1556 1275 1622 fuerint
1288 1564 1474 1642 permutata

279 1662 313 1726 in
334 1659 544 1747 sequentihus
567 1659 755 1738 ostendam,
778 1681 865 1728 nuuc
881 1659 959 1736 ὁσιος
984 1670 1017 1728 et
1035 1663 1111 1736 όεῑσς
1128 1662 1250 1747 et‚qui
1274 1661 1359 1727 idem
1379 1681 1473 1747 pror·

279 1785 337 1832 sus
360 1785 451 1830 orror
471 1773 539 1843 est,
562 1765 681 1840 ὁσιότης
695 1772 726 1830 ct
747 1764 863 1840 θειότης
883 1767 1019 1832 sannde
1040 1773 1223 1853 permutata
1247 1786 1317 1832 esse
1341 1764 1472 1833 docebo.

279 1870 320 1936 In
344 1870 498 1936 Isocatns
525 1869 672 1936 Busiride
706 1872 804 1953 §ru
829 1891 900 1957 pag.
924 1876 999 1938 226.
1025 1872 1207 1960 permulta
1242 1871 1370 1938 saecula
1395 1871 1476 1939 baec

285 1973 348 2041 tuit
370 1974 465 2067 lecIIo
487 1974 638 2060 vulgata:
663 1976 786 2049 πολλὸις
811 1976 875 2059 γὰρ
893 1981 999 2052 αὐτοῖς
1023 1979 1075 2043 uui
1100 1978 1308 2052 ποιητοὸοιπὸις
1323 1978 1400 2067 (τοῖς
1424 1980 1479 2044 Ai-

284 2078 442 2168 γυπτὸσις)
459 2081 607 2156 οὸσκησεις
626 2090 682 2157 τῆς
704 2081 900 2157 θειότητος
925 2084 1037 2157 ἐκεῖνος
1060 2084 1242 2159 κοιτέςησεη.
1290 2081 1375 2148 Vera
1398 2082 1476 2148 scri·

281 2194 380 2272 ptura
401 2205 598 2271 quamquam
623 2186 655 2251 in
679 2187 798 2253 ricinia
823 2188 1005 2273 apparebat.
1038 2190 1132 2271 §iu
1154 2187 1221 2269 ἔχοι
1249 2187 1276 2251 δ’
1301 2185 1340 2253 oio
1360 2212 1409 2262 τις
1430 2225 1477 2236 -

282 2291 391 2357 πολλὸι
416 2292 467 2357 uui
494 2292 644 2370 όσιιηοοιςὸι
666 2291 732 2374 περ)
755 2299 811 2367 τῆς
836 2292 1034 2368 ὁσιότητος
1064 2297 1164 2359 οιύτιὸι
1193 2294 1341 2367 treated,
1366 2299 1476 2359 tamen
1507 2306 1510 2312 '

283 2416 348 2462 non
370 2396 460 2483 prius
495 2398 627 2463 emersit
655 2416 752 2484 quam
777 2396 876 2463 codex
897 2399 1038 2484 optimus
1067 2398 1198 2464 Unenus
1221 2399 1404 2463 aBeuneao
1424 2417 1478 2463 ex·

284 2522 400 2569 cussus
423 2511 478 2579 τῆς
502 2501 657 2578 ὁσιότητος
678 2502 803 2568 obtulit.
853 2502 894 2568 At
917 2504 1096 2570 Pturtacno
1113 2503 1223 2569 nullus
1241 2502 1323 2568 liber
1335 2503 1478 2589 scriptus

282 2628 376 2695 opem
409 2608 484 2674 tulit
516 2610 549 2674 In
574 2608 655 2675 libro
683 2610 721 2674 dc
743 2608 945 2695 Malignitate
966 2608 1116 2674 Herodoti
1143 2629 1212 2695 cap.
1238 2608 1307 2675 XII.
1340 2629 1372 2695 p.
1398 2614 1476 2675 857.

284 2714 342 2781 ubi
367 2734 452 2779 nunc
476 2714 650 2780 scribitur:
682 2712 758 2779 οὕτω
784 2714 815 2778 δὲ
839 2709 1078 2797 φιλοβόρβορός
1102 2716 1165 2782 ἕςιι
1191 2712 1396 2803 (Iinuonoros)
1421 2712 1479 2785 ὁςε

284 2820 419 2904 Βούσιριν
451 2819 616 2893 οὸπολόσοις
645 2828 701 2895 τῆς
733 2819 900 2900 λεγομέιος
932 2818 1175 2901 οὸιόριιποόιισὸοις
1211 2818 1263 2885 nai
1286 2816 1478 2896 ξειοκσοιὸοις

287 2925 339 2990 κοιὸ
365 2929 461 2990 ποὸσιι
484 2924 670 3002 Αὸγυπτόοις
695 2924 874 3000 ὁειότητοι
895 2927 1014 3000 πολληι
1039 2926 1091 2990 uoti
1116 2923 1306 2999 ὁικοιιοσόιην
1324 2928 1480 3009 μαρτυρη-

286 3055 345 3104 σοις
370 3031 422 3113 ἐφ’
444 3030 605 3105 Ἕλληνος
628 3031 797 3114 ιὸιιιςρόφει
818 3030 853 3095 τὸ
886 3031 994 3110 μύσος.
1042 3030 1121 3111 Quis
1152 3028 1264 3094 multis
1287 3029 1393 3096 verbis
1419 3030 1482 3097 sibi

286 3133 462 3224 postulabit
483 3134 697 3200 demonstrari
723 3155 785 3200 non
811 3155 881 3201 esse
906 3134 1049 3210 όειὸτητιι
1073 3154 1093 3199 a
1120 3135 1297 3200 Prusiacao
1317 3136 1478 3225 scripturn

288 3239 344 3308 sed
369 3238 614 3307 ocloTHTA?
663 3239 723 3321 Qui
760 3240 840 3305 mihi
874 3238 934 3306 hoc
964 3239 1087 3305 dederit
1111 3259 1174 3304 non
1199 3237 1255 3304 diu
1290 3241 1484 3328 repugnabit

291 3346 430 3413 aiterum
460 3335 565 3411 Iocum
587 3343 731 3410 eiusdem
753 3347 921 3433 scriptoris
941 3342 1050 3411 eodem
1082 3343 1175 3408 modo
1199 3345 1396 3412 restituenti.
1445 3347 1481 3411 In

292 3451 409 3518 Sinin
429 3452 494 3516 vita
514 3467 584 3538 cap.
599 3449 656 3516 VI:
671 3449 793 3530 Sinni,
818 3452 942 3538 Inquit,
963 3469 1014 3515 res
1034 3449 1198 3537 praeclare
1221 3470 1240 3515 a
1259 3469 1293 3515 se
1315 3459 1424 3535 gestas
1442 3450 1484 3517 ad

287 3558 371 3625 Iieos
391 3556 511 3623 referre
531 3556 611 3622 solet
631 3563 778 3623 auctores
798 3565 829 3622 et
851 3554 1007 3643 quidquid
1028 3555 1155 3621 fortiter
1172 3563 1203 3621 et
1228 3561 1359 3621 strenue
1382 3557 1483 3642 gessit

290 3664 442 3743 εὐτυχίαι
471 3662 540 3726 τιιὸι
571 3662 654 3726 totto
686 3663 840 3727 οιὸτιόιτιιι.
888 3660 1029 3734 Deinde,
1054 3660 1108 3725 ubi
1133 3660 1229 3725 huius
1252 3661 1300 3726 rei
1324 3680 1426 3726 unum
1450 3668 1483 3728 et

290 3766 428 3833 alterum
454 3766 580 3850 insigne
596 3765 778 3850 exemplum
799 3765 953 3850 protulit,
977 3770 1083 3832 τοῦτο
1095 3767 1153 3845 μὲι
1173 3761 1244 3843 οὖν,
1270 3766 1395 3851 inquit,
1414 3765 1482 3848 περ)

290 3882 347 3948 τῆς
372 3869 576 3944 όειότητος.
624 3870 727 3934 Immo
755 3890 831 3937 vero
854 3871 1024 3947 ὁσιότητος,
1055 3870 1117 3936 nIsi
1139 3868 1220 3934 Iorte
1242 3870 1297 3955 qui
1329 3869 1411 3935 Deos
1432 3870 1484 3957 pio

293 3976 369 4042 colit
401 3978 476 4049 όεῖσς
500 3995 557 4060 pro
581 3971 659 4050 ὁσισς
683 3974 748 4040 dici
773 3997 862 4062 posse
885 3974 1058 4041 videbitur.
1106 3975 1142 4039 In
1160 3974 1287 4040 Sroenrn
1310 3973 1485 4062 Florilepio

291 4081 444 4148 LXXXV.
465 4087 506 4146 19
532 4081 587 4144 ubi
621 4081 734 4149 scribit
764 4083 971 4147 Penrcrronc:
995 4079 1167 4162 ιιριιτέουσο
1191 4075 1229 4143 ὧν
1255 4077 1358 4166 (γυνη)
1383 4081 1486 4146 ἕπιόιι-

290 4190 367 4267 μίσος
391 4187 463 4276 (leg.
482 4224 525 4235 —
547 4186 607 4274 ιἠς)
628 4189 679 4253 aad
706 4189 799 4266 όυςιοῦ
819 4189 875 4253 όεὸ
881 4213 898 4263 η
920 4186 971 4252 uui
997 4185 1124 4267 σὸρμοιὸη
1147 4185 1305 4263 γίγνεται,
1331 4185 1405 4269 quis
1429 4184 1486 4251 du·

288 4291 405 4358 bitabit
425 4291 491 4366 ὁσίη
516 4310 683 4372 revocare,
708 4293 791 4379 qnod
822 4294 855 4358 in
878 4293 940 4367 όεόη
972 4289 1132 4376 pollucet?
1181 4289 1340 4354 Contrarii
1366 4290 1487 4355 erroris

291 4396 498 4463 manifestum
523 4399 728 4485 exemplum,
754 4407 789 4464 ut
810 4399 945 4485 opinor,
966 4403 1015 4462 est
1039 4396 1071 4460 in
1096 4392 1277 4480 fragmento
1299 4393 1486 4471 SoonocnS,

291 4499 376 4588 quod
409 4503 441 4566 in
479 4500 605 4569 Sroonui
645 4504 756 4591 Eclop.
792 4505 892 4593 Pdps.
921 4509 1026 4570 exstat
1060 4521 1128 4588 cap).
1164 4500 1218 4567 III.
1245 4505 1297 4569 ts.
1335 4501 1425 4567 Tom.
1458 4494 1483 4566 Ι.

291 4627 322 4693 p.
350 4610 423 4673 150.
449 4605 546 4674 Henn.
1110 4649 1112 4654 -
