3309 5750
738 675 803 736 329

175 867 240 932 lem
262 866 369 932 locum
388 866 522 957 laudans
544 870 594 947 17,
617 873 644 933 5.
671 867 738 933 ἐπεὶ
764 868 810 945 δὲ,
840 870 879 940 ὡς
901 868 914 932 ὂ
939 868 1035 941 κοιλίς
1064 891 1121 932 που
1145 868 1243 952 ῥητωρ
1265 868 1347 950 ἔφη,

173 980 239 1045 τοῖς
268 978 326 1036 τῶν
359 973 521 1037 νοσούντων
553 971 659 1046 σιτίοις
693 972 815 1038 ἕοικίτοο
843 974 1047 1053 λοομβοίνουσι
1076 972 1182 1053 dedit,
1215 977 1275 1038 τῶν
1303 998 1354 1068 νο-Ι

174 1076 305 1139 σούντων
340 1097 378 1141 ex
408 1076 565 1142 sententia
593 1076 671 1143 dicti
703 1079 867 1156 assumsit,
908 1102 972 1143 non
1003 1102 1040 1144 et
1071 1077 1212 1145 Oratoris
1245 1080 1347 1145 uerbis

176 1179 352 1273 descripsit.

219 1286 255 1352 ln
281 1292 343 1366 70,
368 1294 409 1353 35
432 1290 461 1353 ἕν
486 1291 600 1370 οἰκουρεῖ
619 1295 673 1354 τοῦ
700 1291 832 1372 χρίνου,
861 1289 959 1355 dulci
980 1290 1149 1355 articulum
1172 1290 1347 1368 omittunt,

172 1404 241 1458 tum
273 1381 657 1472 ‘retinueros‘floricum
691 1396 883 1462 vocabulum
915 1407 962 1462 est
982 1419 1050 1486 pro
1079 1396 1243 1481 διοποίνης,
1270 1396 1349 1459 eiua·

174 1499 332 1576 λώμμτος,
431 1519 432 1524 ’
654 1518 656 1521 ’

217 1604 255 1669 in
285 1606 519 1671 Demosthenis
549 1607 707 1674 lt'ncomz'o
736 1611 796 1688 71,
831 1612 845 1673 1
878 1607 996 1699 legitur
1019 1608 1213 1697 ineptissima
1244 1606 1345 1672 forma

172 1709 341 1789 διοιβοοδιῶν
372 1736 430 1801 pro
458 1716 689 1794 περιποοτηοοον.
737 1717 837 1780 Βοοδιῶ
858 1727 996 1781 extrema
1019 1724 1066 1779 est
1085 1713 1265 1790 barbaries,
1290 1712 1345 1777 scd

171 1818 219 1881 'cst
248 1818 307 1883 iste
337 1819 467 1884 libellus
493 1842 530 1884 en
550 1814 773 1888 recentissimis
796 1820 1075 1910 Constantinopoli
1094 1820 1240 1909 scriptus.
1260 1820 1278 1903 §
1302 1821 1344 1882 33

169 1930 234 1993 τοῖς
256 1925 485 2004 ἀπολογισμοῖς
509 1926 734 2008 ἑγγὲγριιπτοοι
754 1950 813 2018 pro
833 1934 998 2005 λογισμοῖς
1020 1925 1159 2014 positum
1177 1934 1234 1988 est.
1254 1926 1342 2011 537.

170 2027 325 2102 ε’κτνίσοοτο
351 2031 600 2103 abscindendam
627 2033 777 2111 Εὔβοιον,
803 2031 962 2112 Μίγοιροι,
986 2030 1097 2095 vitiose
1116 2052 1174 2121 pro
1193 2028 1343 2104 ὑπηκόους

169 2130 310 2206 ε’ποιήοεν
348 2135 476 2211 Εὐβοεῖς
511 2135 561 2199 rel
591 2137 810 2218 κλτεςρέφιοτο
844 2136 893 2201 vel
924 2136 1029 2202 lenius
1060 2134 1282 2219 προσηγάγετο
1315 2146 1345 2215 ¹,

170 2236 222 2300 vel
250 2237 359 2301 similo
381 2239 470 2326 quid.
515 2244 532 2325 §
565 2245 606 2305 50
636 2241 721 2320 μετίο
758 2248 854 2322 χοῖροι
890 2242 925 2305 τὸ
958 2244 1046 2309 πιςον
1084 2248 1140 2314 τῆς
1170 2240 1343 2320 ἐλευθερίοις

171 2334 271 2417 ἔχειν,
307 2353 426 2407 ueteres
456 2345 541 2422 perd
568 2353 679 2426 χεῖρες
706 2345 761 2409 sed
783 2344 847 2409 alio
869 2367 981 2409 seusu:
1005 2345 1037 2408 in
1060 2343 1115 2407 tuli
1134 2365 1168 2406 re
1194 2342 1343 2408 dicebant

171 2445 331 2528 πρόχειρον
364 2449 460 2530 ἔχειν.
509 2449 546 2516 dn
578 2452 775 2541 Philopolra‘
804 2474 867 2515 non
899 2448 1343 2536 iurat(utLuctun1rerbis

172 2562 244 2617 utar
262 2556 322 2632 79,
348 2556 404 2639 23)
426 2557 481 2631 την
501 2555 610 2637 κίτρον
632 2557 797 2635 ε’κκοιθῆριοι
822 2558 879 2630 την
902 2555 1058 2634 Αὐγείου,
1083 2565 1137 2619 aut
1163 2554 1196 2618 in
1219 2551 1344 2619 Chori-

170 2657 280 2737 demo,
299 2671 354 2724 aut
376 2661 408 2725 in
429 2661 622 2751 carminibus
642 2660 865 2727 semibarbaris
885 2672 918 2726 et
938 2660 1192 2751 epigrammatis,
1212 2683 1252 2726 ne
1272 2662 1343 2752 quis

169 2762 248 2828 mihi
275 2766 399 2831 occinat
422 2768 616 2859 epigramma
645 2769 696 2832 15.
751 2793 756 2803 ¹

284 2873 326 2944 είς
350 2872 383 2937 τί
405 2873 510 2952 μοίτην
535 2873 652 2944 νίπτεις
677 2872 775 2952 bione
798 2871 943 2947 Ἰνδιιιίνς
969 2870 1059 2952 ίοχεο
1082 2869 1210 2952 τέχνης.
1292 2955 1295 2959 4

397 2981 430 3043 οὐ
455 2979 585 3043 δίνμσοοι
610 2979 756 3060 δνοφερὴν
779 2977 879 3042 νύκτοι
902 2976 1104 3052 κοιίηλιοίσοιι.

170 3080 299 3146 Frustra
330 3081 519 3162 didicimus,
552 3093 587 3147 ut
618 3081 681 3148 hoc
708 3106 772 3147 uno
797 3082 967 3173 defungar,
988 3080 1065 3172 quid
1086 3081 1169 3146 inter
1187 3081 1288 3147 λούειν
1308 3095 1341 3147 et

169 3187 258 3269 νίζειν
278 3187 420 3271 intersit,
438 3187 591 3266 λε’λουμοοι
613 3199 645 3252 et
666 3187 828 3268 νένιμμοοι,
848 3189 873 3253 si
892 3188 969 3278 quid
989 3189 1080 3253 nobis
1101 3210 1174 3253 cum
1194 3188 1260 3253 istis
1281 3189 1341 3254 erit
1428 3221 1433 3228 r

167 3292 368 3368 commercii,
398 3313 479 3381 quos
506 3291 610 3355 omnia
630 3291 739 3383 inepte
759 3283 892 3357 miscere
911 3306 943 3359 et
963 3315 1168 3383 corrumpere
1187 3292 1341 3358 ridemus.

172 3395 276 3461 Unam
309 3396 564 3461 observationem
597 3396 675 3461 mibi
704 3398 859 3463 reservari
885 3410 920 3462 ut
945 3398 1043 3462 finem
1063 3397 1236 3486 aliquando
1256 3397 1344 3464 facu-

167 3525 250 3580 rem‚
267 3525 349 3591 quae
366 3500 549 3566 huiusmodi
567 3513 628 3581 est,
646 3512 681 3566 ut
700 3524 765 3566 non
781 3501 813 3566 iu
831 3501 891 3566 alia
911 3524 945 3566 re
962 3501 1060 3590 magis
1076 3513 1227 3592 appareat
1243 3524 1338 3593 quam

168 3608 207 3672 sit
237 3606 436 3672 consuetudo
465 3606 618 3672 sermonis
648 3606 680 3669 in
708 3606 881 3672 formarum
905 3606 1033 3671 delectu
1053 3628 1178 3671 morosa
1197 3619 1229 3672 et
1249 3607 1340 3672 fasti·

166 3713 273 3793 diosa,
303 3725 338 3778 ut
367 3713 427 3780 alia
457 3713 587 3779 aliunde
614 3711 767 3777 adsciscat
787 3723 819 3776 et
842 3724 1033 3802 componat,
1057 3712 1117 3777 alia
1139 3712 1286 3803 repudiet
1307 3724 1339 3778 et

166 3819 313 3898 obiiciat,
343 3821 461 3910 quibus
488 3819 657 3885 commode
678 3830 803 3908 poterat
825 3818 890 3897 uti,
915 3829 947 3882 at
968 3817 1087 3896 uoluit,
1111 3829 1207 3908 atque
1226 3817 1337 3883 eudem

165 3926 210 3990 sic
238 3936 361 3991 constet
390 3926 468 4005 sibi,
499 3938 649 4016 utquam
672 3924 774 4013 legem
796 3922 856 3988 sibi
879 3922 948 4013 ipsa
968 3922 1147 4013 scripserit,
1170 3947 1238 3990 eam
1260 3946 1339 3989 con·
1415 3958 1422 3967 -

167 4029 358 4096 stantissime
389 4043 509 4110 servet,
543 4043 579 4097 ut
609 4032 736 4122 ineptus
766 4028 805 4094 sit
838 4029 894 4118 qui
922 4027 1099 4117 analogiam
1125 4051 1222 4118 qnam
1248 4052 1341 4095 usum

165 4134 256 4225 sequi
281 4135 428 4201 maluerit
450 4147 482 4200 et
503 4159 581 4201 nora
603 4137 722 4226 fingere
743 4157 839 4225 quam
864 4133 909 4199 uti
927 4134 1055 4224 paratis.
1103 4133 1244 4201 Centena
1264 4147 1338 4202 sunt

163 4242 195 4306 in
217 4242 338 4308 Graeco
361 4262 525 4319 sermone,
551 4240 604 4305 ubi
625 4264 698 4306 usus
717 4240 757 4305 ab
777 4239 922 4330 analogia
938 4238 1080 4305 diversus
1099 4240 1179 4320 abit,
1197 4241 1335 4332 plurima

195 4459 216 4528 ¹)
233 4464 386 4527 Impeditum
411 4470 435 4513 et
459 4461 595 4513 absordum
618 4461 735 4511 Drononr
761 4458 853 4508 Stoura
884 4459 967 4508 locum
994 4457 1056 4507 XV.
1081 4461 1139 4519 36„
1161 4459 1188 4509 in
1214 4454 1265 4523 quo
1288 4459 1337 4509 boc

163 4548 269 4598 uerbum
286 4548 389 4609 legitur,
405 4547 472 4598 felici
489 4545 673 4596 emendatione
683 4544 781 4593 sonavit
798 4545 837 4593 vir
854 4543 918 4593 doct.
934 4557 986 4592 vau
1003 4542 1104 4593 Oonun.
1129 4544 1233 4593 Editur:
1252 4542 1340 4602 Τιμό·

161 4636 230 4688 θεος
247 4630 367 4691 tricione
383 4633 423 4688 εἰς
437 4632 487 4694 τὴν
503 4627 700 4695 Κεφαλληνίαν
725 4631 784 4686 τοίς
809 4648 847 4679 τε
868 4630 951 4684 ναῦς
973 4631 1007 4692 τῇ
1029 4628 1127 4677 πόλει
1149 4629 1337 4697 προσηγάγετο

161 4715 211 4764 καὶ
234 4715 283 4770 ιτὰς
305 4717 375 4764 κατὰ
392 4719 443 4780 τὴν
465 4709 654 4785 Ἀκαρνανίαν
678 4713 772 4776 ὁμοίοις
790 4713 898 4764 ἔπεισεν
915 4710 1061 4762 ἀποκλῖναι
1080 4715 1148 4780 πρὸς
1162 4712 1340 4777 Ἀθηναίους,

160 4799 226 4849 Rem
243 4814 289 4850 acu
308 4799 390 4863 tetigit
407 4800 547 4864 corrigens:
566 4799 615 4856 τάς
633 4797 660 4848 τ’
672 4800 699 4849 εἰν
720 4798 791 4864 αὐτῇ
808 4796 900 4852 πόλεις
918 4795 1114 4864 προσηγάγετο.

1130 4891 1160 4928 21
