3309 5750
792 606 858 677 352

237 824 325 873 nuno
356 806 478 896 agimus
506 816 538 871 et
565 802 621 871 ubi
643 823 745 894 pauca
764 802 805 868 de
825 801 1018 891 Prytanibus
1038 801 1296 871 Atheniensium
1318 802 1412 873 aLu·

239 929 339 978 ctauu
366 910 578 1001 negligentius
605 909 690 974 diota
714 905 868 973 addidero
894 908 992 974 finem
1015 905 1146 975 dioendi
1168 908 1304 977 faeiem.
1349 909 1412 976 Non

241 1018 351 1083 sumsit
371 1016 413 1082 ab
433 1015 541 1081 Attico
558 1015 711 1105 scriptore
732 1025 786 1079 aut
807 1013 949 1092 comico,
971 1013 1060 1104 quod
1079 1015 1197 1080 scribit
1215 1019 1286 1095 67,
1312 1018 1368 1095 1⁵,
1384 1020 1415 1095 2,

241 1123 296 1188 ubi
330 1122 424 1187 miles
458 1119 541 1211 apud
577 1130 717 1186 scortum
747 1118 857 1185 turbas
885 1118 1033 1198 dederat,
1069 1141 1217 1185 mensam
1249 1130 1416 1198 everterat,

243 1229 363 1294 bonum
390 1227 545 1292 rustioum
573 1225 688 1316 pugnis
717 1223 908 1290 contuderat
934 1235 967 1289 et
997 1224 1241 1314 conquiruntur
1270 1223 1368 1290 amici
1394 1221 1416 1288 οἳ

243 1335 458 1414 παραδώσουσι
494 1340 559 1403 τοῖς
596 1335 801 1413 πρυτανεῦσι,
824 1329 908 1418 (lege
944 1327 1128 1414 πρυτάνεσι)
1164 1329 1221 1394 τών
1254 1328 1416 1411 Μεγαρέα.

243 1436 316 1503 Non
350 1448 397 1502 est
422 1436 507 1502 enim
534 1434 599 1500 hue
617 1432 827 1513 trahendum,
851 1431 939 1524 quod
965 1443 1014 1498 est
1037 1431 1124 1523 apud
1155 1432 1418 1499 Autsrul’mu

246 1542 439 1633 Thesmoph.
464 1545 541 1608 654.
899 1530 901 1534 ’

469 1648 531 1725 ἐγώ
555 1645 587 1710 δὲ
610 1650 718 1710 ταῦτα
740 1651 806 1717 τοῖς
829 1642 1016 1726 πρυτάνεσιν
1037 1643 1192 1723 άγγελῶ,
1465 1712 1466 1720 ,

244 1750 334 1816 ouius
361 1750 425 1817 losi
453 1771 518 1815 non
549 1760 596 1815 est
626 1745 738 1815 eadem
768 1749 861 1817 ratio.
907 1747 1054 1838 Denique
1080 1748 1115 1813 in
1147 1750 1211 1828 11,
1245 1752 1291 1815 19
1313 1748 1418 1831 διατρί·

243 1857 352 1933 βοντος
380 1854 442 1936 γάρ
474 1879 534 1935 μου
566 1856 641 1935 παρ’
670 1855 777 1927 αὐτοῖς
809 1852 979 1935 προῦθεσαν
1003 1853 1030 1917 οἱ
1058 1850 1232 1933 πρυτάνεις
1255 1854 1418 1931 ἐκκλησίαν

245 1958 313 2040 περί
351 1966 411 2023 τών
442 1968 524 2042 κοινῇ
556 1956 798 2039 συμφερόντων,
832 1956 895 2023 hoe
925 1978 1055 2047 quoque
1082 1956 1294 2047 negligenter
1320 1958 1418 2050 posuit

243 2062 269 2127 oi
300 2061 465 2142 πρυτάνεις
501 2062 670 2143 προῦθεσαν
699 2062 887 2143 ἐκκλησίαν,
922 2085 1024 2152 quum
1042 2061 1127 2152 apud
1148 2076 1283 2131 veteres
1303 2064 1419 2155 legisset

247 2163 442 2260 προγράφειν
481 2164 671 2241 ἐκκλησίαν,
710 2164 766 2231 sed
801 2166 973 2248 προτιθέναι
1007 2165 1122 2245 λθγον,
1157 2171 1313 2248 γνώμην,
1352 2170 1420 2249 γνώ-

245 2295 331 2351 μας,
356 2272 550 2349 διαγνώμην,
576 2268 748 2351 προτιθέναι
771 2271 814 2352 τῷ
841 2267 1020 2351 βουλομένῳ
1042 2271 1171 2348 γνώμην
1195 2272 1420 2355 άποφηναοθαι

244 2376 299 2443 sel
328 2376 451 2455 λέγειν,
484 2374 552 2440 sim.
574 2374 645 2442 ride
664 2374 952 2458 Hausrnnnosrou
977 2373 1017 2440 ad
1037 2372 1068 2440 h.
1086 2373 1126 2452 l.,
1145 2372 1375 2447 Sononnnr.
1389 2379 1422 2443 de

252 2478 386 2563 Comitt.
406 2481 526 2545 Athen.
551 2502 584 2569 p.
608 2481 680 2544 104.
706 2480 858 2569 Prytaneo
878 2502 979 2570 quum
1000 2479 1343 2550 comitia-indicerent
1358 2507 1424 2575 pro·

247 2586 412 2680 ponebant
429 2584 569 2650 edictum
579 2633 589 2664 ‚
607 2584 693 2674 quod
711 2586 910 2669 πρόγραμμα
925 2586 1051 2666 dieitur,
1062 2598 1095 2652 et
1103 2588 1310 2673 προγράφειν
1324 2593 1422 2657 tritura

248 2706 296 2761 est
324 2692 365 2758 de
394 2690 559 2769 omnibus,
591 2689 708 2779 quibus
727 2701 775 2756 est
795 2691 845 2756 ius
864 2690 1021 2757 edicendi.
1069 2689 1337 2764 taissornarns
1357 2720 1424 2764 cou-

249 2811 342 2891 eepta
365 2798 462 2863 rerba
484 2803 544 2862 τών
568 2804 733 2880 ςρατηγών
756 2800 895 2881 παρῳδεῑ
915 2800 948 2864 in
972 2799 1097 2866 Auidus
1122 2801 1199 2866 450.

363 2911 489 2968 σκοπεῖν
514 2904 539 2966 δ’
565 2892 583 2966 θ
603 2925 633 2966 τι
658 2901 696 2966 θον
720 2905 954 2985 προγράφωμεν
978 2906 1008 2969 ἐν
1031 2913 1095 2978 τοῖς
1119 2907 1296 2990 πινακίοις,

251 2997 333 3102 quae
370 3008 438 3096 ipsa
478 3004 609 3070 πινάκια
648 3017 680 3070 et
712 3018 801 3071 erant
831 3020 863 3072 et
891 3008 1080 3075 dicebantur
1107 3010 1152 3074 τά
1181 3015 1425 3098 προγράμματα

253 3114 401 3206 (edeta).
449 3109 631 3174 sisennus
658 3108 700 3175 de
725 3111 767 3177 F.
796 3113 835 3179 L.
863 3116 945 3199 §60
972 3114 1115 3196 δεδθχθαι
1142 3119 1338 3200 προγράψαι
1361 3126 1423 3197 τοὺς

252 3216 418 3304 πρυτάνεις
438 3213 607 3289 ἐκκλησίας
632 3214 683 3280 δύο
706 3216 794 3282 κατά
819 3221 890 3293 τοὺς
911 3220 1037 3305 νόμους,
1057 3232 1089 3285 et
1110 3223 1128 3305 §
1147 3225 1186 3285 61
1213 3227 1345 3293 κελεύει
1364 3231 1426 3304 τοὺς

251 3322 416 3408 πρυτάνεις
452 3319 637 3402 προγράψαι
668 3321 719 3387 δύο
751 3323 925 3399 ’ἐκκλησίας
951 3326 1017 3392 κτὲ.
1039 3324 1188 3392 “Deinde
1212 3329 1273 3396 ubi
1292 3336 1427 3426 populus

254 3429 292 3498 in'
313 3427 443 3495 comitia
472 3426 624 3493 convenit
649 3425 802 3493 dicuntur
819 3432 846 3495 oi
870 3430 1034 3511 πρυτάνεις
1060 3433 1232 3513 προτιθέναι
1260 3439 1361 3518 λόγον
1379 3453 1426 3509 aut

254 3538 385 3618 γνώμας
405 3543 461 3598 aut
480 3532 564 3611 sim„
583 3530 647 3597 non
660 3539 842 3625 proposita
862 3537 984 3614 tabella
1004 3535 1049 3626 (id
1070 3548 1116 3602 est
1133 3539 1275 3630 edicto),
1288 3556 1325 3610 ut
1342 3546 1427 3613 flu.

256 3659 457 3708 stuuuustus
482 3636 675 3728 siaspioatur,
696 3640 751 3706 sed
769 3640 826 3706 ὑπί
851 3642 995 3722 κήρυκος,
1016 3665 1080 3733 par
1096 3667 1300 3734 praeconem
1312 3700 1322 3730 ,
1346 3653 1428 3718 errius

257 3749 289 3812 in
312 3767 402 3813 ease
422 3745 622 3810 notissimum
643 3746 793 3826 κήρυγμα
812 3755 873 3808 est:
891 3746 940 3817 τίς
961 3745 1121 3827 άγορεώειν
1141 3748 1318 3830 desituram
1341 3757 1430 3824 Prae·

258 3852 344 3918 olore
365 3849 602 3917 Drnosrsnsns
620 3872 651 3938 p.
673 3849 757 3932 285,
776 3852 799 3953 ig
813 3847 914 3928 ἠρώτα
928 3849 985 3928 μὲν
1001 3850 1014 3914 θ
1030 3850 1136 3931 κάρυξ·
1152 3851 1212 3925 τίς
1227 3855 1430 3942 άγορεύιιι

258 3955 473 4035 βούλεται,
512 3954 624 4034 παρῄει
665 3953 691 4015 δ’
722 3951 823 4024 ,οὐδείς
853 3989 899 4023 ,-
931 3953 1087 4030 καλούσης
1118 3963 1175 4030 τῆς
1209 3956 1365 4044 πατρίδος
1395 3979 1429 4052 ,ρ

259 4068 341 4140 κοινῇ
372 4062 460 4139 φανῇ
497 4055 549 4119 τὸν
583 4055 692 4134 ἐροῦνθ’
721 4055 796 4136 ὑπὲρ
825 4055 990 4136 σωτηρίας·
1019 4056 1053 4133 ἣν
1085 4059 1147 4140 γάρ
1179 4061 1192 4124 θ
1222 4065 1323 4146 κάρυξ
1351 4071 1431 4139 κατὰ

259 4162 330 4233 τοὺς
362 4157 471 4238 νόμους
501 4158 605 4239 φωνην
632 4156 763 4240 άφίησι,
793 4159 912 4235 ταύτην
942 4162 1040 4236 κοινην
1066 4171 1122 4237 τῆς
1146 4168 1296 4248 πατρίδος
1320 4174 1433 4244 almis

263 4267 326 4334 ε’ςιν
355 4266 511 4343 ἡγεῖσθαι.
560 4264 649 4330 Haeo
679 4263 746 4354 ipsa
774 4285 868 4330 causa
896 4278 961 4346 est,
983 4289 1042 4333 our
1057 4267 1182 4333 dicatur
1198 4269 1232 4334 in
1254 4296 1293 4339 ea
1314 4282 1433 4373 reipsa

256 4395 343 4462 resp.
372 4368 466 4449 λθγον
491 4371 681 4454 προτιθέναι,
708 4382 743 4435 ut
769 4371 856 4461 ¹opud
885 4371 1054 4440 Duatostu.
1075 4397 1106 4463 p.
1126 4377 1211 4454 317,
1237 4381 1256 4443 6
1278 4384 1330 4449 άεί
1353 4388 1381 4452 δ’
1406 4389 1434 4452 ἒν

242 4478 350 4560 ’κοινῷ
382 4477 416 4542 τί
439 4477 597 4560 συμφέρον
624 4479 641 4554 η
668 4475 758 4549 πόλις
786 4477 938 4558 προύτίθει
967 4485 1112 4556 σκοπεῖν,
1132 4489 1165 4543 et
1185 4479 1437 4557 Xttttot’flusm

146 4662 150 4667 ¹
267 4582 406 4650 Memor.
437 4579 493 4646 IV.
520 4599 556 4647 11.
580 4587 610 4647 3.
638 4589 695 4656 τῆς
726 4581 845 4654 πόλεως
872 4582 972 4661 Ιλόγον
1006 4582 1076 4663 περί
1106 4609 1186 4657 τινος
1224 4595 1439 4674 προτιθείσης,

266 4686 515 4780 quamproprie
535 4688 561 4752 oi
592 4685 756 4769 πρυτάνεις
777 4685 927 4753 dieantur
946 4699 1001 4753 aut
1020 4685 1114 4766 λόγον
1136 4701 1191 4756 aut
1213 4693 1349 4775 γνώμας
1370 4702 1438 4783 πρι-
