3309 5750
769 642 836 707 204

216 852 310 919 πέντε
346 842 512 914 ταλάντοιν
547 847 672 924 προῖκα.
726 836 883 929 Erpuuge
913 830 1052 922 προικθς,
1086 858 1161 902 urm
1190 837 1399 924 ἐπιφέρεσθαι

217 954 347 1049 proprie
376 951 416 1017 de
443 946 535 1025 dote,
568 967 666 1037 quam
687 965 766 1010 uror
787 932 915 1022 efferat,
938 940 1004 1006 dici
1023 940 1122 1007 solctt
1143 944 1228 1008 οὐδὲν
1251 945 1401 1026 ἐπιφερο-

217 1062 295 1142 μένη
323 1071 371 1125 est
398 1055 570 1131 indotata,
600 1061 636 1116 ut
655 1047 740 1139 apud
758 1048 888 1115 Lrsrru
908 1046 995 1113 xlx.
1018 1048 1189 1129 14..παρδν
1209 1048 1300 1126 μετά
1324 1063 1400 1114 πολ-

220 1168 282 1232 λῶν
306 1163 481 1247 χρημάτων
504 1166 609 1238 γήμαι
633 1155 735 1231 άλλην
757 1156 814 1229 τήν
841 1155 917 1233 ἐμήν
940 1152 1063 1233 μητέρα
1085 1151 1204 1230 ἐλαβεν
1230 1153 1318 1218 οὐδέν
1335 1154 1400 1218 έπι·

221 1269 406 1354 φερομένην.
442 1265 630 1330 Arscururs
659 1261 692 1327 iu
727 1258 962 1350 Gleetssrontca
988 1260 1006 1344 §
1034 1260 1108 1323 172.
1131 1265 1239 1336 γαμεῖ
1261 1266 1402 1361 Ιγυναῖκα

222 1376 349 1458 χρυσίον
374 1369 599 1453 ἐπιφερομένην
624 1366 718 1432 πολύ.
757 1365 854 1456 Apud
877 1364 1150 1430 Turoruursrurr
1177 1361 1247 1441 περὶ
1275 1366 1403 1430 άνελεν·

226 1481 344 1562 θερίας,
368 1458 472 1543 XXII.
492 1473 611 1541 editur:
637 1471 689 1537 καὶ
714 1481 754 1554 τή
779 1472 905 1550 γυναικὶ
931 1473 962 1537 δέ
985 1482 1025 1554 τῇ
1049 1471 1162 1535 ἑαυτοῦ
1182 1475 1302 1549 προῖκα
1323 1474 1406 1547 sion*

226 1583 406 1665 ”fyssxfflf'vii
438 1581 482 1660 μδ
517 1577 665 1659 πρίασθαι
706 1574 897 1657 θεραπαίνας
929 1574 1020 1642 άλλά
1056 1573 1239 1654 μισθοῦσθαι
1272 1576 1318 1649 εἰς
1347 1578 1404 1651 πάρ

229 1687 348 1767 ἐξόδους
372 1688 408 1752 ἐκ
428 1691 484 1758 τῆς
505 1677 688 1762 γυναικείας
709 1678 831 1744 παιδίον
847 1681 1125 1762 σονακολονθήσον,
1148 1677 1274 1768 corrige
1294 1691 1406 1764 προῖκα

191 1854 195 1857 .
230 1790 471 1873 έπηνεμκαμένη
491 1799 523 1853 ct
542 1785 658 1875 supple
676 1785 712 1849 ἐκ
732 1791 788 1859 τῆς
812 1784 996 1863 γυναικείας
1013 1786 1144 1864 άνοράς.
1179 1783 1267 1850 liinc
1286 1788 1408 1879 cor-rige

231 1896 483 1964 Xueruourru
503 1893 537 1957 in
560 1891 767 1958 Oeconomico
790 1887 924 1960 VH.13.
945 1888 1068 1976 ubirir
1087 1886 1127 1952 ed
1147 1910 1297 1969 uxorem:
1318 1894 1409 1967 πάσι

159 2049 160 2053 ,
232 1998 293 2068 άσα
317 2000 435 2079 ήνέγκω
455 1998 564 2065 πάντα
583 1998 626 2068 εἷς
649 1996 684 2060 τὸ
704 1996 799 2061 κοινὸν
817 1995 1014 2071 κατέθηκας,
1038 1992 1212 2084 legendum
1233 1996 1408 2078 έπηνέγκοι.

230 2105 270 2171 Iu
299 2108 317 2191 §
344 2109 375 2171 2.
407 2108 433 2172 εἱ
470 2104 520 2170 ἐπὶ
558 2100 652 2168 πλέον
690 2101 896 2183 ἐνοχλήσειας
935 2100 1070 2186 άτειμι,
1101 2099 1232 2190 requiro
1251 2100 1409 2171 'futurum

233 2211 427 2293 ἐνοχλήσας.
1119 2268 1122 2272 ,

279 2315 317 2381 In
339 2314 474 2404 Dialogo
495 2316 525 2379 6.
547 2315 564 2399 §
588 2313 615 2377 1.
644 2310 811 2394 μαννάριον
832 2311 865 2377 in
887 2312 1074 2394 μαμμάριον
1094 2310 1273 2401 corrigatur
1303 2313 1363 2403 (ric
1380 2327 1411 2381 et

234 2421 318 2489 mal.
339 2426 368 2488 7.
391 2423 408 2507 §
431 2421 474 2509 4.)
503 2429 536 2484 et
556 2440 630 2485 mor
649 2440 709 2508 pro
731 2415 781 2484 δύο
803 2415 858 2493 ἔτη
882 2424 1007 2502 ταῦτα,
1035 2418 1070 2497 έέ
1089 2414 1124 2484 οὗ
1142 2418 1289 2494 τέθνηκεν
1309 2421 1324 2485 ὁ
1349 2446 1411 2500 μα

237 2528 366 2609 καρίτης
386 2548 440 2591 σον
457 2524 580 2605 πατήρ,
605 2526 659 2589 οὐκ
678 2518 767 2594 οἶσθα
783 2518 865 2595 ὅπως
881 2524 1104 2606 άπεζήσαμεν;
1125 2523 1196 2613 lege
1217 2525 1262 2590 τά
1281 2527 1329 2591 δύ’
1345 2528 1398 2603 ἐτη
1404 2575 1414 2605 ,

237 2645 272 2701 et
291 2631 406 2702 omissa
425 2628 596 2717 negatione
618 2622 707 2694 οἶσθα
724 2625 806 2700 ὅπως
832 2628 1052 2709 ἀπεζήσαμεν.
1077 2640 1110 2695 el
1129 2632 1147 2715 §
1167 2634 1197 2696 3.
1221 2633 1413 2713 πλημμελές

239 2756 299 2831 pro
317 2735 437 2820 άμελές
462 2745 495 2800 et
515 2736 534 2819 §
557 2737 587 2799 4.
611 2733 760 2812 δειξάσας
785 2755 846 2824 pro
869 2732 1063 2811 ἐνδειξάσας.

283 2843 323 2909 Iu
350 2840 486 2931 Dialogo
516 2842 547 2905 7.
575 2840 644 2924 §L
676 2840 731 2903 οὐκ
764 2837 870 2919 ἔχοντι
905 2840 989 2921 αὐτῷ
1014 2842 1197 2908 καταθεῖναι
1226 2845 1413 2925 συμβολήν,

239 2952 312 3043 quis
328 2945 437 3014 credat
451 2946 631 3019 Lucrrrruu
645 2942 810 3021 συμβολήν
826 2954 861 3009 et
877 2944 1045 3022 συμβολάς
1062 2947 1260 3014 confundere
1275 2952 1417 3041 potuisse

239 3058 274 3123 in
306 3076 345 3119 eo
375 3051 458 3117 libro
489 3047 694 3140 praesertim,
727 3068 824 3137 quem
855 3059 960 3114 totum
994 3072 1032 3116 er
1061 3049 1269 3120 comicorum
1298 3056 1417 3123 fabulis

241 3157 446 3252 composuit?
477 3155 551 3244 Nou
571 3154 665 3221 aliter
684 3152 836 3220 dicebant
857 3153 1070 3244 Atticiquam
1093 3159 1261 3236 συμβολάς
1285 3160 1415 3240 διδθναι,

239 3266 373 3338 τιθέναι,
398 3260 617 3335 κατατιθέναι,
636 3259 706 3324 ’άπὸ
730 3258 899 3339 συμβολῶν
924 3259 1019 3328 simil.
1067 3261 1204 3329 efferum
1233 3286 1252 3330 e
1280 3265 1418 3343 Mrurr·

241 3390 309 3440 uuo
338 3367 521 3457 exemplum
548 3377 583 3431 ut
610 3364 791 3451 emendem.
842 3365 1041 3436 Aruernus
1064 3366 1117 3435 vl.
1136 3392 1169 3459 p.
1191 3372 1258 3435 270
1277 3388 1312 3440 u.
1333 3375 1361 3438 ri
1388 3373 1419 3438 δέ

244 3475 431 3556 λουσάμενοι
455 3470 593 3554 λογάρια
617 3472 799 3550 δειπνοῦμεν
911 3515 919 3526 ,

492 3579 607 3660 μικράς
630 3576 736 3657 τίθημι
762 3578 931 3657 συμβολάς
954 3581 1159 3660 άκροάμενος,

246 3686 333 3755 κατά
368 3686 420 3752 τὸν
447 3683 635 3765 Μένανδρον.
683 3681 791 3773 Lepor
820 3683 885 3750 loci
913 3683 1099 3752 Menandrei
1124 3687 1235 3777 periit,
1260 3699 1293 3753 et
1316 3701 1424 3781 potest

247 3793 321 3861 elici
342 3814 380 3857 er
400 3789 449 3855 his
470 3788 574 3855 verbis
593 3788 758 3853 Poruucrs
781 3785 835 3854 VI.
858 3792 910 3856 12.
933 3791 1129 3872 άσύμβολοι,
1150 3793 1214 3858 άπθ
1234 3795 1425 3873 συμβολῶν,Ι

250 3900 311 3979 ἐφ’
338 3891 377 3960 ὧν
403 3896 428 3960 oi
458 3891 602 3967 Ἀττικοὶ
629 3892 780 3973 μακράς
813 3893 953 3960 διδόναι
986 3897 1188 3975 συμβολάς
1217 3896 1330 3977 ἔλεγον
1352 3900 1425 3966 άντδ

251 4003 306 4066 τοῦ
330 3996 494 4079 μεγάλας.
544 3994 745 4085 Intelligisue
769 3997 989 4067 Murmure!
1011 4000 1055 4066 sic
1079 4025 1145 4068 esse
1170 4002 1331 4070 iocatumt

497 4100 623 4180 μακράς
647 4100 752 4180 τίθημι
777 4105 946 4183 συμβολάς
968 4107 1170 4187 άκροάμενος.

297 4207 336 4274 In
367 4206 502 4297 Dialogo
531 4209 561 4272 9.
590 4208 662 4291 §2
692 4208 766 4288 πρὸς
796 4208 828 4274 δέ
856 4210 891 4275 σὲ
917 4212 973 4276 οὐκ
1000 4210 1040 4277 iro
1062 4208 1148 4278 εἷπον
1170 4212 1287 4280 άλλ’ά
1312 4214 1432 4291 ήκονσα

235 4314 428 4394 ἐβουλόμην
454 4314 568 4386 circu,
601 4310 736 4379 emenda
764 4312 867 4395 οὐχά
892 4312 977 4384 εἶπον
1000 4319 1077 4383 άλλ’
1098 4316 1120 4383 ά
1142 4319 1272 4395 ήκονσα.
1308 4319 1432 4407 1n§4

236 4420 348 4487 'mileo
376 4418 416 4484 ed
442 4418 659 4485 meretricem:
685 4419 786 4485 οὐκέτι
810 4420 874 4503 γάρ
899 4422 1142 4502 άρπασθήσομαι
1163 4426 1222 4490 ὑπὸ
1245 4430 1313 4491 σοῦ.
1340 4449 1436 4493 num·

253 4549 351 4618 quum
380 4523 442 4590 hoe
471 4536 538 4591 eret
566 4525 704 4606 factum,
736 4547 843 4616 neque
867 4539 971 4592 metus
1000 4539 1067 4593 erat
1089 4541 1125 4594 ut
1148 4530 1239 4596 fieret
1265 4553 1434 4623 umquem.

217 4634 221 4645 ’
255 4633 392 4723 corrige:
417 4632 700 4712 διαρπασθήσομαι.
728 4628 841 4730 ,ὅμορα
862 4631 1013 4714 άρπάζειν
1029 4645 1068 4704 ,et
1090 4634 1270 4723 διαρπάζειν
1285 4639 1435 4706 'consuu-

257 4739 389 4813 duuiur.
437 4735 475 4802 Iu
496 4732 628 4803 Hellen.
650 4734 710 4809 ΙΙΙ.
730 4754 753 4841 1.
776 4741 806 4807 8.
830 4735 1022 4818 κατηγόρουν
1045 4740 1109 4822 γάρ
1132 4745 1230 4810 αὐτοῦ
1253 4744 1279 4808 oi
1304 4741 1438 4826 τύμμα·
