3309 5750
869 623 911 688 70

292 799 454 865 Annocnns
488 815 569 882 quae
595 794 698 861 lertur
728 796 872 861 orations
895 795 933 859 de
956 791 1114 880 Mysteriis
1146 797 1260 879 3115.
1293 795 1346 859 ὑπ’
1369 798 1476 862 οὐτοῖν

291 903 375 988 φημὶ
397 911 460 970 τοῖν
473 905 548 968 θεοῖν
566 902 731 978 τεοῖο-θοι,
755 899 810 966 ubi
823 900 952 985 saepius
970 903 1011 967 τὼ
1031 900 1084 965 θεώ
1106 898 1225 985 legitur
1245 907 1281 964 ul
1301 901 1334 964 iu
1355 904 1382 990 θ.
1399 904 1475 988 114.

291 1016 356 1075 τοῖν
385 1010 471 1074 θεοῖν.
496 1006 614 1074 ibidem
638 1007 748 1073 evasit.
786 1011 804 1092 §
830 1009 883 1071 29.
908 1010 975 1083 51,
998 1009 1064 1080 57,
1092 1010 1132 1095 55
1164 1012 1225 1071 eto.
1272 1007 1314 1071 At
1344 1005 1473 1071 eaedem

291 1113 369 1181 deae
389 1115 422 1179 in
448 1113 554 1200 Vespis
577 1134 623 1178 vs.
642 1118 717 1179 576.
743 1112 990 1198 significantur,
1013 1110 1069 1175 ubi
1091 1108 1230 1195 legitur:

562 1216 598 1285 ἵν’
621 1219 684 1302 εἰδῇ
707 1219 752 1296 μὴ
776 1226 889 1283 ποτεῖν
912 1216 957 1283 τὰ

561 1332 634 1390 ποοῖν
658 1325 741 1389 θεοῖν
763 1324 975 1407 dictasses.

109 1390 112 1397 ι
200 1472 205 1483 ·
289 1436 323 1497 ot
341 1430 375 1495 in
403 1428 623 1514 Tbesmopbon
645 1433 721 1495 785.

562 1529 642 1607 ὅπως
666 1535 813 1613 λοβοῦοο
837 1532 916 1599 idos>
939 1539 1012 1599 τοῖν
1034 1534 1117 1599 θεοῖν

291 1648 323 1707 et
344 1644 407 1706 941
434 1645 466 1705 et
491 1644 596 1714 1151;
629 1640 760 1705 omnino
795 1637 898 1703 lorma
928 1644 991 1702 τοῖν
1023 1639 1098 1703 θεοῖν
1129 1638 1214 1724 apud
1246 1638 1478 1705 Anrsrornnnan

291 1746 438 1813 funditus
461 1743 564 1810 deleta
588 1752 657 1823 est,
692 1743 750 1811 sed
773 1745 879 1830 primo
902 1762 1029 1828 quoque
1062 1752 1203 1829 tempore
1234 1744 1412 1809 revocanda
1445 1753 1477 1812 et

291 1852 413 1919 formae
436 1858 530 1927 τοῖν,
564 1853 700 1925 abacis,
732 1851 887 1923 τούτοιν,
921 1867 1003 1934 quae
1027 1868 1089 1913 non
1111 1850 1219 1913 minus
1246 1849 1379 1915 vitiosae
1400 1860 1478 1916 sunt

290 1976 388 2045 quam
411 1954 478 2030 τιῖ,
511 1955 619 2032 sissi,
644 1956 749 2023 τούτο
780 1954 890 2021 eodem
915 1951 1134 2020 amandandos
1162 1974 1226 2039 quo
1249 1954 1333 2039 apud
1357 1954 1477 2020 Isocra·

290 2084 350 2129 run
374 2063 407 2128 in
430 2061 588 2147 Ροιιοριρν.
613 2061 630 2149 i
653 2065 694 2127 75
719 2079 791 2147 pag.
813 2065 867 2126 55.
889 2065 961 2125 τοῖν
985 2058 1105 2125 aaaron
1125 2060 1259 2126 sadran
1279 2068 1311 2125 et
1335 2059 1373 2125 de
1394 2058 1479 2125 Pasa

291 2174 310 2257 §
331 2172 406 2234 116.
430 2167 473 2232 το
493 2166 588 2232 πθλεε
607 2166 713 2233 τούτο
735 2164 921 2232 amandavit
940 2183 1026 2229 unus
1043 2165 1188 2230 omnium
1210 2166 1352 2252 optimus
1375 2163 1477 2230 codex

297 2273 454 2347 Urbinas,
488 2272 544 2357 qui
575 2270 662 2338 solus
683 2273 725 2337 ssi
749 2278 781 2336 et
804 2272 902 2337 τούτω
927 2270 962 2335 in
991 2268 1110 2335 talibus
1130 2272 1269 2336 servavit
1294 2279 1326 2336 et
1355 2278 1419 2337 τοῖν
1443 2278 1477 2337 et

291 2379 420 2447 τούτοιν.
461 2378 497 2443 ln
510 2375 705 2463 Pacepprico
727 2375 752 2457 S
770 2381 822 2442 17.
848 2375 922 2441 libri
942 2394 1053 2441 omnes
1076 2375 1136 2448 τοῖς
1151 2375 1258 2450 πόλεις
1278 2376 1400 2451 τούτος
1423 2396 1476 2442 ex·

291 2484 422 2559 bibent,
442 2481 576 2549 Urbinas
587 2482 708 2568 optime
719 2485 760 2549 τὼ
773 2480 855 2557 πθλν
868 2479 977 2548 τούτω.
1001 2480 1072 2546 coll.
1093 2480 1476 2548 GaonnoaoscoGnsroanr

290 2610 322 2677 p.
340 2595 421 2667 557,
437 2593 496 2654 12:
516 2589 590 2670 πορ’
609 2589 745 2672 Αῖτχίνρ
772 2589 814 2669 τῷ
828 2590 1013 2671 Σωκροτικῷ
1032 2587 1153 2653 τούτω
1173 2590 1220 2653 τὼ
1245 2587 1361 2663 πόλις,
1385 2586 1475 2665 λέγει
1536 2580 1539 2584 ’

290 2696 322 2762 δὲ
346 2696 413 2777 περὶ
441 2693 607 2769 Ἀθονοῖιιν
636 2694 688 2759 sal
719 2693 982 2772 Λοκεδοιμονῖιιν.
1029 2690 1187 2777 Equidem
1218 2691 1368 2757 omnibus
1394 2690 1475 2758 locis

291 2809 323 2867 et
347 2799 542 2867 testimoniis
564 2805 709 2864 veterum
734 2798 789 2864 diu
813 2807 846 2865 et
867 2796 1007 2863 multum
1033 2798 1199 2884 perpensis
1231 2798 1264 2862 in
1291 2797 1375 2863 banc
1403 2818 1475 2864 sen-

290 2908 426 2973 tentiam
446 2904 577 2970 tandem
598 2904 757 2970 adductus
781 2923 875 2980 sum,
895 2921 993 2988 quam
1017 2921 1104 2967 nuno
1124 2904 1203 2968 satis
1223 2903 1344 2969 habebo
1363 2903 1476 2990 paucis

290 3011 429 3078 dixisse:
454 3011 487 3074 in
512 3009 775 3096 pronominibus,
799 3009 987 3087 adiectivis,
1010 3008 1190 3094 participiis
1215 3029 1278 3075 una
1305 3018 1403 3095 atque
1425 3029 1477 3077 ea·

290 3116 363 3183 dem
387 3114 490 3181 forma
509 3122 558 3180 est
582 3114 701 3202 triplici
724 3116 835 3200 generi
855 3115 1055 3183 communis.
1077 3116 1138 3188 sb,
1164 3110 1205 3188 ὣ,
1231 3117 1332 3192 οὑτοι,
1355 3114 1475 3193 τοθτοι,

288 3223 441 3299 οῖλλθλιο,
473 3224 517 3287 τὼ
539 3228 645 3303 χεῖρε,
675 3222 717 3288 τὼ
748 3229 879 3301 νννοῖκε
903 3228 964 3287 cel.
989 3221 1032 3287 τῖι
1055 3221 1232 3285 Ἐλευσινίω
1256 3221 1320 3285 θεώ.
1345 3221 1379 3284 iu
1402 3240 1476 3306 par·

289 3327 412 3414 ticipiis
433 3346 485 3393 res
502 3326 672 3393 manifesta
694 3336 758 3394 est:
782 3336 878 3393 notus
900 3335 950 3393 est
969 3325 1058 3392 locus
1077 3325 1195 3390 Honori
1216 3324 1310 3394 lliod.
1335 3337 1374 3391 Θ.
1396 3331 1475 3393 455.

289 3433 363 3501 Iuno
391 3440 422 3500 et
450 3433 590 3499 Minerva
620 3435 817 3513 πληγέντε
845 3436 977 3516 ιιεροονῷ
1009 3440 1041 3498 et
1065 3431 1192 3498 Hasroor
1224 3430 1370 3496 (λον.
1398 3434 1476 3497 197.

289 3540 386 3615 Atlas
409 3538 463 3606 κοῖ
486 3538 624 3618 Νέμεσις
647 3539 878 3622 προλιπόντ’
903 3540 1074 3620 ἀνθρώπους
1098 3545 1131 3602 et
1149 3537 1297 3602 Psarons
1320 3537 1353 3601 in
1372 3536 1476 3602 Pboe·

288 3646 345 3711 dra
370 3664 399 3730 p.
422 3648 498 3710 257.
523 3644 559 3709 l).
595 3644 646 3710 uto
667 3645 729 3710 τινὲ
754 3645 820 3712 tata
849 3645 983 3726 ἄρχοντε
1006 3642 1058 3708 sal
1090 3641 1224 3720 ἄγοντε,
1248 3637 1290 3706 οἷν
1313 3641 1477 3723 ἑπθμεθο,

289 3749 407 3836 quibus
428 3747 530 3813 multa
549 3748 668 3815 similia
691 3757 720 3814 et
750 3748 837 3834 apud
860 3748 938 3814 alios
961 3755 992 3813 ct
1014 3748 1048 3811 in
1065 3747 1202 3813 Pmroua
1227 3746 1389 3832 leguntur.
1437 3750 1476 3816 ln

289 3854 341 3920 bis
363 3861 470 3919 autem
503 3852 652 3919 omnibus
683 3852 769 3918 idem
793 3853 953 3939 opinionis
976 3859 1123 3919 versatur
1152 3872 1243 3917 error
1265 3848 1503 3938 antiquorum'

289 3957 581 4026 Grammaticorum
616 3965 650 4024 et
677 3957 882 4043 aequalium,
912 3959 969 4044 qui
989 3963 1120 4044 apparet
1151 3957 1185 4023 in
1220 3967 1398 4041 Σονονωνῇ
1446 3958 1475 4024 ἐ·

288 4062 362 4141 ξεον
387 4063 549 4144 χρησίμοιν
572 4063 606 4128 in
629 4063 765 4128 Burnum
793 4061 908 4130 Assccd.
929 4063 952 4130 1.
976 4085 1007 4151 p.
1029 4067 1116 4138 567,
1143 4067 1196 4129 55.
1227 4065 1476 4130 ἀκολουθοῦν-

288 4192 346 4236 τες
381 4167 450 4233 sissi
473 4173 530 4233 τοῦ
549 4169 811 4235 ιῖιιολονθούτο
834 4171 963 4245 δοῖκιῖς,
996 4167 1090 4242 οὕτως
1116 4168 1305 4252 Ἕρμιππος.
1331 4168 1384 4234 κο)
1408 4170 1474 4252 γθιρ

288 4273 455 4357 κέχρηνται
471 4281 543 4347 τοῖς
562 4275 736 4356 ἀρρενικοῖς
752 4283 907 4357 μετοχοῖς
924 4275 994 4342 siml
1013 4277 1149 4351 θνλνιιοῖν
1163 4274 1329 4348 πολλάκις.
1354 4274 1474 4355 Quam·

287 4399 383 4467 quam
416 4379 493 4444 baec
526 4377 666 4446 absurda
697 4391 773 4448 sunt
805 4390 913 4448 tamen
943 4400 980 4447 ea
1007 4401 1060 4447 res
1084 4379 1245 4446 neminem
1279 4399 1473 4466 magnopere

287 4504 415 4552 movere
436 4483 574 4551 videtur.
625 4485 760 4555 litantur
782 4486 965 4552 masculinis
984 4507 1044 4570 pro
1067 4485 1229 4573 [οοιῖιιῖιιὶι
1251 4486 1349 4572 idque
1382 4506 1474 4574 saepo

172 4630 174 4636 .
287 4590 428 4660 iaciunt:
457 4591 549 4676 quasi
573 4610 647 4660 vero
670 4591 748 4661 haec
769 4591 944 4661 masculino
970 4591 1035 4658 sint
1055 4599 1086 4657 et
1110 4611 1353 4677 nonnumquam
1378 4591 1473 4658 aliter
