3309 5750
860 590 924 680 aaa

305 819 470 896 ’ν1όοοῑε1
500 817 557 895 μέν
585 813 705 893 μενέεις
734 812 914 877 Ηιλουοτι
938 830 1069 874 manum
1095 809 1191 873 esse?
1220 806 1264 874 In
1285 811 1377 898 570.
1395 813 1485 879 ἀλλὰ

304 926 376 990 τινα
399 922 571 1005 ζητήσομεν
591 919 643 982 τόν
664 924 762 998 κρῖναι
782 915 966 993 δυνόμενον,
987 935 1133 1003 expungo
1148 913 1238 999 τινό,
1258 914 1349 1005 q'uod
1370 930 1486 1008 suapte

305 1041 419 1094 natura
453 1048 528 1091 cum
555 1025 608 1088 τόν
641 1021 807 1099 δυνάμενον
842 1020 986 1109 capulari
1010 1042 1074 1083 non
1105 1030 1219 1109 potest.
1264 1020 1303 1085 In
1323 1026 1423 1109 §..71.
1442 1026 1484 1096 ε1ς

305 1134 414 1203 ΙἸνδοῦ-,τ
442 1140 547 1202 τελεῖ,
584 1129 609 1193 si
636 1127 758 1192 librarii
778 1126 941 1191 scivissent
963 1126 1106 1189 Inturnm
1126 1147 1209 1201 esse,
1232 1126 1358 1191 τελέσει
1378 1128 1486 1193 dedis·

304 1252 390 1308 sent.
413 1260 508 1327 quam
529 1236 663 1299 Iormarn
686 1255 928 1321 nonnumquam
953 1231 1270 1319 an11n0,saepius
1292 1233 1410 1298 atticis
1428 1233 1485 1298 ob·

303 1355 468 1410 truserunt
498 1340 624 1417 invitis,
648 1351 684 1403 ut
706 1342 768 1416 67,
796 1341 851 1415 11,
877 1342 906 1400 2.
935 1336 1109 1412 ἐπόμνυται
1134 1337 1185 1399 δύο
1209 1335 1263 1399 καὶ
1288 1335 1406 1400 εἴκοσιν
1428 1337 1480 1413 ἔτη

304 1451 346 1521 εἷς
371 1450 422 1511 τόν
442 1446 584 1523 ἐσόμενον
602 1445 872 1525 Ἐλαφηβολιῶνα
893 1442 1032 1505 τελέσειν
1052 1462 1112 1529 pro
1125 1446 1245 1504 τελεῖν.
1279 1438 1317 1503 In
1335 1438 1481 1509 'Isaeu-

304 1571 354 1617 Tls
376 1552 581 1617 Archidamo
600 1551 619 1633 §
639 1552 691 1615 87.
713 1548 759 1618 τίς
783 1550 838 1610 οῦκ
860 1543 938 1610 οἶδεν
962 1542 1008 1608 ότι
1033 1546 1142 1608 τιέντα
1163 1544 1215 1608 τὸν
1235 1543 1304 1621 βίον
1331 1547 1362 1609 ἐν
1385 1572 1481 1628 ταρα-

302 1666 381 1736 χαῖς
418 1656 469 1719 καὶ
508 1654 651 1723 κινδύνοις
683 1652 887 1728 διατελοῦμεν
918 1647 1020 1722 ὄντες,
1052 1647 1206 1713 debemus
1237 1646 1320 1713 hanc
1349 1673 1480 1741 quoque

303 1760 496 1826 verissimam
530 1758 703 1823 lectionem
735 1755 791 1819 uni
820 1755 984 1821 Urbinati
1000 1754 1103 1832 libro,
1126 1755 1158 1818 in
1180 1754 1312 1819 caeteris
1333 1758 1482 1822 omnibus

302 1874 350 1928 est
370 1863 499 1952 sequior
517 1862 620 1927 farma
640 1860 863 1946 διατελέοομεν
883 1884 901 1924 a
925 1859 1089 1925 Graeculis
1108 1859 1276 1925 manifesta
1295 1861 1411 1926 fraude
1429 1863 1482 1926 in·

304 1980 404 2035 necta.
453 1967 548 2056 Apud
580 1966 760 2030 Patronus
792 1964 916 2052 saepius
944 1976 1114 2030 recurrunt
1146 1964 1254 2029 Iutura
1284 1966 1480 2039 asamat-

300 2080 397 2139 τελιῦι
429 2074 628 2150 ξυνδιατελεῑ
656 2070 801 2134 futurum
832 2082 880 2134 est
911 2071 944 2135 in
973 2072 1155 2137 Phaedone
1183 2074 1239 2136 91.
1269 2070 1306 2135 Β.
1333 2069 1479 2134 futuram

300 2183 446 2243 τελοῦντε
477 2189 524 2241 est
554 2177 586 2241 In
616 2176 826 2263 Euthydema
847 2201 878 2266 p.
900 2180 977 2241 277.
998 2187 1037 2241 Ε.
1063 2176 1221 2256 ἐρχόμεθα
1244 2181 1413 2247 τελοῦντες
1433 2187 1479 2241 est

301 2284 335 2347 in
355 2283 548 2371 Protagora
568 2307 600 2371 p.
622 2285 697 2345 311.
715 2291 751 2345 Ε.
784 2280 916 2371 Irrepsit
934 2282 1046 2347 vitium
1064 2280 1097 2344 in
1117 2279 1237 2345 librum
1257 2279 1313 2346 17.
1332 2280 1376 2345 de
1393 2280 1479 2372 Jeep.

299 2411 333 2477 p.
356 2389 432 2451 425.
458 2369 507 2452 E.¹
524 2388 773 2467 ἐπανορθούμενοι
798 2388 851 2451 τόν
874 2388 943 2464 βίον
966 2386 1215 2459 διατελέσουσιν,
1243 2386 1298 2450 ubi
1322 2386 1391 2475 ipse
1413 2390 1479 2452 δια-

299 2498 443 2557 τελοῦσιν
462 2491 608 2571 dederat,
628 2504 664 2556 ut
685 2502 770 2555 recte
791 2492 1009 2568 ἀποτελοῦμεν
1031 2488 1189 2555 servatam
1209 2502 1256 2555 est
1276 2491 1317 2555 de
1337 2492 1478 2581 Legibus

301 2594 356 2661 71.
376 2621 406 2686 p.
423 2601 488 2665 778
509 2618 555 2676 ιλ,
573 2609 605 2663 et
624 2620 717 2685 saepe
737 2596 823 2686 apud
846 2593 1015 2675 Comieas',
1032 2596 1129 2662 etiam
1145 2598 1290 2663 seriores.
1315 2596 1478 2664 Dlrffltus

302 2700 518 2769 1111111711.
539 2728 571 2792 p.
591 2706 665 2767 291.
688 2720 716 2766 1‘.

479 2811 512 2873 οῦ
537 2810 580 2888 μη
604 2804 785 2887 παραλυόβιο
811 2808 841 2870 σ’
864 2808 1018 2885 οὐδαμοῦ,
1044 2808 1192 2890 Δρόκιον,
1218 2809 1280 2887 ἐγώ
1368 2836 1371 2841 ·

480 2915 531 2977 ἐπ’
554 2912 659 2993 έρηον,
684 2907 718 2975 οὗ
740 2911 785 2988 μέν
809 2913 966 2984 διατελεῖς
990 2914 1045 2987 την
1070 2915 1188 2995 ἡμέριον
1293 2977 1294 2980 ,

478 3018 706 3098 τραπεζοποιῶν
729 3017 760 3078 ἐν
784 3017 917 3093 ἀγαθοῖς
942 3025 1070 3089 πολλοῖς
1094 3020 1205 3098 χύδην.

300 3117 358 3183 nbi
375 3121 530 3194 διατελεῖς
549 3121 693 3186 futurum
706 3143 772 3186 esse
783 3133 923 3210 apparet.
943 3121 1057 3213 Itaque
1067 3123 1093 3187 si
1106 3125 1237 3212 quando
1248 3126 1351 3193 forma
1363 3126 1476 3204 vitiosa

299 3223 333 3290 in
361 3225 436 3291 -ἐσιο
465 3240 521 3294 aut
541 3233 668 3305 -έσομαι
698 3251 730 3292 se
751 3228 916 3307 ostendet,
941 3241 977 3294 ut
997 3233 1030 3294 In
1058 3227 1244 3320 Cyropaed.
1269 3233 1357 3300 7111.
1378 3253 1424 3300 vt.
1445 3238 1477 3302 3.

298 3331 494 3408 τελέσουσιν,
516 3345 572 3398 aut
589 3333 668 3398 alibi
685 3335 769 3424 apud
787 3335 1049 3412 thotnontsu,
1062 3336 1132 3421 (ubi
1149 3351 1235 3404 recte
1254 3342 1408 3431 scriptum
1430 3349 1477 3405 est

298 3433 430 3514 Hellen.
453 3438 505 3505 71.
523 3458 573 3506 111.
596 3443 624 3504 2.
645 3446 929 3521 παρακαλοῦντας,
955 3442 1190 3509 emendandum
1215 3446 1341 3512 videtur
1361 3444 1433 3512 711.
1454 3463 1477 3510 1.

301 3545 356 3612 tt.
384 3545 444 3620 ἐγὼ
464 3551 616 3623 συγκαλῶ
638 3546 690 3609 τόν
713 3547 822 3633 δῆμον)
843 3558 899 3610 aut
919 3547 1014 3625 alios,
1032 3549 1267 3638 castigabimus.
1317 3553 1355 3617 In
1380 3555 1399 3636 §
1421 3554 1477 3617 81.

299 3650 325 3713 εἰ
354 3648 493 3730 ῥημοότια
527 3649 614 3730 παρόι
644 3654 697 3714 σοῦ
733 3651 896 3730 προέμενοι
928 3651 1056 3729 μηδέπω
1091 3654 1299 3734 ἐκτετίκαμεν
1330 3659 1475 3738 διάφορον

300 3755 413 3842 supple
435 3756 470 3818 τὸ
490 3754 654 3836 διάφορον,
679 3753 711 3818 id
732 3765 779 3818 est
799 3757 854 3827 την
877 3756 971 3831 τιμήν
997 3778 1086 3819 more
1107 3756 1356 3840 Graeculorum
1375 3760 1474 3850 paula

299 3860 441 3948 postici
464 3859 498 3924 τό
520 3861 639 3925 δεῖπνον
658 3859 872 3939 διεξέρχεται,
895 3859 1007 3924 Graeci
1028 3884 1138 3927 omnes
1160 3863 1311 3931 dicebant
1331 3867 1420 3948 παροδ
1441 3866 1476 3930 τό

299 3964 430 4028 δεῖπνον.
465 3967 482 4048 §
514 3967 569 4028 82.
598 3966 651 4027 οῦκ
682 3962 736 4026 οἴει
767 3966 877 4044 μακρῷ
898 3966 1061 4059 Πχεέρωόιν
1089 3971 1184 4032 αὐτόν
1207 3971 1477 4054 ἐξερμοόσασόαιῆ

300 4066 353 4129 καὶ
388 4067 421 4140 νη
457 4069 520 4132 Διά
549 4068 620 4139 ἴσως
646 4069 688 4148 τῷ
715 4068 812 4149 δημίῳ
842 4070 1090 4152 παραδεδόσθαι,
1116 4097 1236 4164 repone
1261 4077 1477 4158 ἐξειργόσόαι,

300 4172 369 4234 tum
397 4173 422 4236 εέ
457 4179 588 4254 Φανοῖτο
614 4195 673 4262 pra
701 4174 855 4255 Φαίνοιτυ.
906 4175 944 4241 In
968 4184 986 4266 §
1006 4183 1059 4245 84.
1082 4180 1219 4245 ridiculo
1242 4183 1317 4246 vitio
1338 4183 1476 4272 legitur:

300 4273 364 4358 ἔφη.
393 4276 455 4358 step
480 4278 634 4359 ἄνόμοπόν
657 4303 728 4344 τινα
753 4279 804 4345 ἐπὶ
830 4291 870 4362 τη
899 4282 960 4363 ᾐόνι
985 4285 1186 4367 καθεζόμενον
1211 4286 1262 4351 ἐπὶ
1290 4288 1346 4361 τὴν
1369 4313 1475 4366 κυμα·

299 4380 403 4457 σαγὴν
428 4382 568 4461 όριόμεῒν
589 4385 633 4450 τόι
653 4385 796 4463 κύματα.
843 4387 973 4453 Nemini
994 4390 1145 4454 suaserim
1166 4402 1200 4455 ut
1219 4390 1270 4455 ἐπὶ
1293 4394 1348 4467 την
1370 4418 1476 4472 κυμα-

192 4561 206 4571 „
298 4487 406 4564 τανῦν
433 4488 612 4576 consideat,
637 4514 710 4557 nam
732 4493 884 4558 fluctibus
902 4509 1072 4585 mergetur.
1103 4497 1215 4563 Tutius
1236 4511 1335 4564 estet
1356 4499 1475 4563 iucun-

300 4589 378 4659 dum
407 4592 494 4675 napis
517 4594 573 4668 την
592 4599 987 4683 κυματαγῦνκαόέζεσόαι
1011 4612 1044 4668 et
1063 4602 1109 4669 sic
1128 4604 1223 4673 facite
1240 4605 1407 4697 negotium
1426 4615 1475 4670 est

299 4695 439 4789 οἶμόμεῖν
462 4696 505 4765 τόν
528 4697 672 4783 στόματα.
798 4716 813 4749 ’ῑ
1354 4718 1357 4719 ’
