3309 5750
703 642 706 648 ’
797 632 859 697 391

187 838 189 842 ’
246 841 327 897 nant.
375 827 506 899 Prorsus
533 825 619 893 idem
649 847 753 904 error,
785 848 852 916 quo
885 824 1132 892 Antictticistam
1158 825 1327 920 deceptum
1351 852 1420 898 esse

245 936 403 1028 suspicor,
435 934 633 999 Puunnncul
664 933 800 998 lectores
824 931 945 1022 decipit
973 932 1006 997 in
1030 932 1095 998 vita
1117 929 1277 1000 Caesaris
1297 957 1366 1027 cap.
1388 942 1419 1005 3.

243 1043 406 1122 ίΚοιῖοοιρ
431 1038 582 1105 ἔπλευσεν
611 1040 654 1111 είς
680 1038 779 1103 Ῥοῗον
806 1036 859 1103 ἐπὶ
884 1038 1005 1119 σχολὴν
1031 1038 1106 1119 πρὸς
1130 1040 1337 1105 Ἀπολλώνιον
1365 1042 1419 1107 τὸν

242 1151 297 1211 τοῦ
320 1145 485 1227 Μίλωνος,
508 1138 544 1209 οὗ
560 1143 613 1209 nai
635 1143 766 1223 Κικέρων
784 1145 930 1224 ἠκροᾶτο,
954 1142 1125 1209 nonenim
1145 1143 1257 1210 eodem
1275 1156 1420 1236 temporo

242 1249 368 1318 cronno
383 1262 414 1315 et
431 1247 562 1316 Onusnn
580 1247 704 1314 Moloni
722 1269 851 1338 operam
868 1245 1043 1326 dederunt,
1059 1248 1268 1338 quamobrem
1288 1250 1418 1331 ἠκρίοοτο

243 1355 480 1423 emendandum
502 1354 651 1433 arbitror,
673 1376 767 1443 quem
793 1350 909 1418 Cicero
927 1375 1055 1442 quoque
1074 1354 1250 1434 audierat,
1270 1376 1336 1419 non
1355 1378 1420 1421 uu-

241 1463 363 1528 diebat.
410 1461 449 1525 Iu
477 1460 542 1528 rita
571 1460 721 1526 Periclis
742 1481 810 1548 cap.
836 1461 886 1525 10.
914 1458 1114 1524 simillimum
1134 1458 1247 1525 vitium
1267 1459 1419 1526 manifes-

243 1580 312 1633 tum
333 1579 461 1633 tenetur
479 1567 512 1631 in
533 1565 653 1632 verbis:
678 1563 787 1631 ἔπεσον
810 1564 842 1629 δὲ
865 1562 920 1627 nui
943 1567 997 1627 τοῦ
1019 1562 1157 1641 Κίμωνος
1180 1564 1206 1627 οἱ
1225 1564 1313 1646 φίλοι
1335 1564 1418 1630 τοίν-

242 1696 295 1746 τες
325 1674 472 1752 ὃμοιλιῖς,
506 1670 555 1745 οὓς
588 1676 741 1753 Περικλῆς
769 1673 977 1750 οννετρτιοῖτο
1008 1672 1063 1733 τοῦ
1087 1673 1307 1746 λοοκιονιομοῦ,
1343 1692 1418 1738 nam

242 1778 405 1844 Pnnrcans
434 1777 572 1845 Grnonrs
600 1777 719 1843 amicos
738 1775 772 1840 in
793 1773 880 1839 illins
900 1771 1022 1838 indicio
1043 1772 1120 1838 olim
1139 1776 1418 1857 insimulaverat,

241 1905 307 1949 non
326 1884 385 1949 iiio
405 1896 661 1975 tempore,·quo
685 1880 724 1947 ad
749 1880 924 1969 Tanagram
946 1891 1123 1970 pugnatum
1144 1891 1210 1959 est,
1238 1883 1418 1947 insimula-

241 1990 321 2055 bat:
342 1989 452 2080 itaque
472 1990 679 2073 οννεοορτίοιτο
707 1985 930 2076 corrigendum
953 2008 1012 2077 pro
1030 1990 1250 2069 σννεοορτιοῖτο.
1295 1986 1334 2052 in
1353 1990 1418 2057 vita

240 2097 396 2187 Pompeii
416 2119 489 2187 cap.
510 2098 552 2161 25
574 2095 685 2162 vitiose
704 2092 871 2160 scribitur:
903 2093 976 2156 τίνοι
1002 2089 1090 2169 ἕξετε
1113 2090 1213 2157 ι’ίλλον
1236 2091 1275 2158 ἂν
1300 2096 1419 2162 sinani-

238 2225 316 2276 οντε
342 2207 468 2275 τοῦτονς
500 2202 535 2264 ἐκ
562 2203 639 2277 μιοῐς
663 2201 790 2276 γνώμης
815 2198 1021 2279 inceperam
1043 2195 1197 2270 οἵτοοντες·
1232 2202 1415 2279 οεοιντίν,

217 2307 441 2396 ‘reciprocum
469 2325 647 2396 pronomen
678 2303 711 2366 in
740 2302 796 2366 illa
822 2324 857 2367 re
884 2298 1021 2366 absurde
1047 2300 1188 2391 positum
1213 2314 1279 2384 est,
1307 2306 1417 2398 itaque

243 2410 430 2477 emendari
455 2408 561 2475 οιύτίν.
609 2406 646 2471 ln
676 2407 750 2471 cita·
762 2407 959 2474 Alexandri
975 2428 1044 2497 cap.
1062 2410 1106 2472 52
1126 2407 1272 2497 lepidum
1292 2410 1416 2481 dictum

243 2515 483 2583 Gsnnrsruuurs
502 2514 535 2578 in
554 2518 794 2580 Annxnncnnn
820 2510 891 2577 teve
912 2510 1025 2578 vitium
1047 2513 1212 2604 concepit:
1235 2517 1326 2582 ἀλλὰ
1353 2521 1416 2597 μὴν

239 2620 367 2699 οίνοίγκιρ
402 2644 446 2685 οοι
479 2624 587 2683 τοῦτον
618 2619 738 2683 ἐκείνων
761 2617 931 2696 ὁμολογεῖν
960 2617 1154 2699 ψυχρότεροι.
1192 2617 1231 2685 οὺ
1254 2620 1320 2703 γὰρ
1349 2624 1418 2691 ἐκεῖ

238 2727 296 2807 μὲν
317 2727 348 2789 ἕν
372 2723 497 2805 τρίβωνι
519 2721 735 2803 διεχείμαζες,
759 2722 896 2786 tornata
920 2722 952 2786 δὲ
977 2729 1061 2802 τρεῖς
1086 2723 1340 2803 ἐπιβεβλημένος
1357 2728 1415 2793 δοι-

238 2830 333 2904 τίδοις
363 2827 570 2907 κοιτοίιιειοοιι,
595 2849 669 2892 narn
689 2825 770 2892 dixit
789 2824 983 2892 mordaciter
999 2823 1126 2904 οὶνοίριιιρ
1146 2826 1200 2892 σοὶ
1223 2832 1330 2894 τοῦτον
1345 2832 1412 2897 uri.

239 2960 303 3002 non
325 2961 382 3001 σοι.
431 2932 469 2997 In
490 2933 552 2998 vita
567 2933 713 2999 Antonii
729 2935 866 3022 cep.25.
891 2931 1036 2997 Dsnnrns
1051 2929 1169 2995 dicitur
1190 2929 1416 3002 Canonnrnnu

238 3040 477 3124 τροτρέτεοίοοι,
505 3043 597 3103 τοῦτο
620 3039 656 3112 tt
682 3039 718 3103 τὸ
743 3038 927 3122 Ὁμηρικὸν,
955 3038 1055 3103 ίλίεῖν
1079 3036 1121 3110 είς
1142 3038 1286 3103 Κιλικίοιν
1308 3037 1344 3107 εὖ
1366 3043 1414 3107 ἕν-

236 3147 376 3212 τιίνοοοοιν
401 3146 530 3221 inuria,
557 3145 629 3236 quis
648 3143 812 3210 dubitabit
832 3167 870 3209 ex
887 3143 961 3208 loco
981 3141 1152 3208 Homerico
1172 3143 1264 3210 iliad
1281 3154 1316 3214 Ξ.
1340 3150 1414 3214 162.

478 3250 576 3315 ε’λίεῖν
601 3252 643 3321 είς
663 3250 748 3325 Ἴδην
769 3245 805 3314 εὖ
827 3249 984 3312 ἐντείνονοοο
1006 3244 1022 3310 ἓ
1046 3248 1157 3322 αὑτήν.

238 3353 323 3445 apud
354 3353 588 3419 horrescas
617 3375 746 3443 quoque
774 3356 950 3433 Ὁμνρικῶς
980 3351 1118 3417 scribere
1143 3350 1160 3416 ἓ
1181 3354 1291 3428 udaia.
1337 3352 1414 3421 Non

237 3460 343 3552 potuit
364 3459 507 3523 festivius
528 3457 664 3523 liaustu
684 3478 909 3546 versusquam
935 3453 972 3519 ad
994 3454 1083 3520 iliam
1105 3455 1151 3520 sic
1169 3458 1415 3527 accommodari.

237 3568 276 3634 In
304 3567 369 3632 rita
401 3562 573 3645 Ciceronis
600 3585 669 3654 cap.
690 3568 732 3629 47
760 3562 865 3630 vitiosi
891 3573 1042 3626 accentus
1064 3573 1139 3626 sunt
1160 3560 1194 3626 in
1215 3563 1319 3628 verbis
1339 3567 1366 3630 οἱ
1387 3568 1415 3632 δ’

236 3673 353 3742 οἶκέτοιι
386 3671 575 3744 κοικίοοιντες
601 3671 729 3743 ἑοοντοὺς
756 3671 782 3735 εί
806 3667 1001 3749 τεριμένονοι
1026 3670 1081 3731 τοῦ
1111 3666 1262 3733 δεσπότου
1288 3674 1415 3751 φονευο-

237 3779 330 3861 μένον
361 3776 473 3846 drusui
500 3777 666 3857 νενέοίοοι,
701 3774 789 3841 sisoi
820 3773 847 3839 δ’
870 3775 927 3838 οὐκ
951 3770 1119 3851 ἀμύνουσι,
1152 3794 1227 3837 nam
1258 3776 1415 3841 sententia

237 3883 378 3974 postulat
396 3889 595 3964 οιεριμενοῦοι
610 3923 647 3936 -
662 3884 832 3963 οίμννοῦοι,
857 3879 945 3972 quod
965 3878 1117 3968 frequens
1137 3878 1171 3944 in
1192 3879 1281 3945 libris
1300 3881 1415 3948 vitium

239 3998 296 4053 est.
342 3984 381 4050 In
402 3987 578 4054 Alcibiade
595 4009 665 4080 cap.
685 3993 728 4055 32
749 3985 858 4054 editur
880 3985 961 4050 πολὺ
988 3984 1019 4049 δὲ
1045 3983 1099 4077 uui
1121 3983 1249 4066 δοίκρνον
1270 3988 1313 4069 τῷ
1335 3989 1414 4070 χοιί-

235 4117 315 4176 ροντι
334 4100 391 4168 τοῖς
417 4092 536 4171 τίλεοις
559 4096 764 4178 οίνεκὲιιροιτο,
797 4093 855 4161 ubi
878 4093 989 4161 sitium
1009 4092 1137 4158 subesse
1156 4093 1316 4184 suspicor,
1339 4117 1414 4162 nam

238 4199 265 4265 si
291 4196 419 4279 δοίιιρνον
444 4198 617 4288 scripsisset
636 4222 700 4265 non
717 4203 761 4283 τῷ
784 4198 1001 4283 χοοίροντιεοᾱ
1022 4209 1061 4282 τῇ
1086 4205 1176 4281 χοιρρῖ
1196 4201 1414 4290 opposuisset,

238 4317 271 4371 at
294 4305 442 4395 opposuit
450 4355 460 4386 ‚
484 4304 613 4396 opinor,
637 4307 673 4370 τὸ
695 4306 823 4386 nausson
843 4307 886 4386 τῷ
909 4306 1063 4386 χαίροντι.
1112 4303 1150 4369 In
1178 4304 1320 4374 eiusdem
1350 4310 1415 4376 vita

238 4431 309 4501 cap.
332 4414 369 4474 11
393 4432 521 4477 maman
543 4411 719 4477 Ecnll’tnls
740 4409 904 4489 landatur,
927 4410 960 4474 in
981 4431 1046 4500 quo
1064 4408 1182 4500 legitur
1198 4411 1350 4482 κοίλλιςον
1366 4415 1413 4489 δὶς

237 4515 382 4598 §addivi
406 4518 500 4602 ἕλοοίρο
524 4516 633 4600 κοίρνκι
655 4517 759 4597 ,βοοῖν
786 4517 997 4597 τοιροιδοῦνοοι,
1031 4515 1239 4584 vehementer
1265 4515 1435 4607 displicet

236 4622 336 4701 βοοῖν,
370 4621 458 4713 quod
484 4623 639 4690 rusticum
668 4635 700 4689 ct
732 4621 897 4714 plebeium
927 4631 1033 4686 sonat:
1066 4634 1178 4687 contra
1207 4625 1414 4710 magnificum

237 4739 346 4795 estet
374 4743 526 4817 sonorum
555 4728 664 4814 κοίρνκι
689 4729 788 4811 βοοῖν
813 4728 1023 4810 capitonem,
1054 4729 1142 4820 quod
1165 4729 1289 4796 dictum
1310 4741 1357 4798 ast
1377 4744 1413 4798 nt
