3309 5750
794 654 861 721 271

242 859 329 924 tione
349 852 418 934 περί
441 855 495 918 τοῦ
513 848 641 934 ζεύγους
660 850 747 937 538.
762 846 816 914 sed
836 847 997 914 revocarit
1019 846 1181 916 Urbinas.
1209 848 1425 917 drrrlrttottrr

241 962 351 1028 nuilus
371 957 454 1023 liber
478 979 573 1047 opem
597 954 672 1020 tulit
692 957 734 1021 de
755 956 857 1020 caede
876 954 1023 1022 Herodis
1043 960 1062 1043 §
1083 957 1136 1021 51.
1155 956 1199 1021 τοί
1222 955 1260 1034 ἐξ
1283 955 1356 1021 ἰσου
1373 982 1422 1035 γε·

240 1068 354 1146 νόμενον
387 1072 441 1132 τοῦ
476 1064 650 1146 Φεύγοντός
684 1066 729 1132 ε’ςι
760 1067 886 1141 μᾶλλον
911 1063 928 1137 ἢ
954 1067 1008 1127 τοῦ
1035 1063 1214 1140 διώκοντος,
1240 1061 1420 1151 significare

241 1171 361 1238 debent
382 1171 461 1237 hoec
483 1171 577 1235 rerba
600 1170 651 1232 τόν
674 1169 840 1251 φεύγοντα
860 1170 985 1245 μοίλλον
1004 1170 1123 1246 ὠφελεῖ
1142 1168 1159 1243 ἢ
1180 1169 1237 1233 τὸν
1258 1169 1419 1247 διώκοντα,

240 1279 310 1368 ipso
345 1285 560 1345 Arrrrt’nosrs
589 1274 763 1363 interprete
794 1274 826 1337 in
854 1273 907 1351 iis,
938 1293 1022 1368 quae
1044 1272 1199 1338 continuo
1222 1287 1419 1363 sequuntur,

240 1384 350 1473 itaque
371 1381 585 1473 supplendum
607 1390 654 1444 est
675 1380 748 1460 πρός
773 1384 827 1443 τοῦ
848 1378 1032 1460 φεύγοντος.
1067 1379 1145 1459 Πρός
1162 1404 1247 1452 τινος
1271 1403 1316 1446 eo
1337 1402 1419 1446 sensu

240 1490 325 1580 opud
349 1511 458 1553 omnes
477 1486 610 1575 legitur:
636 1496 671 1549 ut
694 1483 805 1550 ritium
825 1481 962 1548 eximam
983 1482 1159 1573 producam
1184 1483 1305 1551 locum
1327 1509 1418 1553 unum

240 1594 475 1661 Xtruotnortrrs
507 1592 640 1657 Hellen.
680 1589 751 1657 Vll.
786 1608 808 1654 1.
847 1593 898 1654 17.
931 1590 1066 1661 σπονδὰς
1106 1590 1325 1674 ποιησάμενος
1354 1594 1420 1675 τρίς

241 1701 390 1778 Θηβαίων
422 1703 548 1776 μᾶλλον
584 1697 600 1772 εἰ
635 1698 707 1777 πρὸς
738 1698 876 1770 ἑαυτῶν,
901 1695 971 1784 lege
1000 1697 1073 1775 πρὸς
1096 1696 1222 1762 ἑαυτοῦ.
1271 1696 1313 1763 In
1337 1697 1418 1766 istu

241 1806 384 1870 emtione
402 1801 461 1869 Hi.
482 1809 500 1891 §
520 1806 574 1867 62.
597 1801 819 1880 εἰσαγγελθεὶς
845 1802 888 1872 εἰς
910 1803 962 1866 τὸν
982 1798 1144 1881 οἰρχονσα,
1170 1802 1245 1891 quis
1263 1816 1417 1893 punctum

240 1910 392 1999 temporis
421 1908 584 1974 dubitabit
614 1908 687 1987 πρὸς
718 1908 770 1971 τὸν
796 1904 938 1987 ἄρχοντα
958 1907 1129 1997 recipere?
1176 1907 1218 1974 ln
1243 1909 1419 1980 Dtuttcrrc

239 2017 325 2079 κατοί
364 2016 576 2091 Δημοσθένους
606 2012 624 2093 §
653 2015 707 2077 36.
743 2011 892 2100 vulgatur
923 2012 949 2076 οἰ
982 2015 1224 2091 πολεμήσαντες
1251 2018 1309 2092 τὴν
1330 2016 1417 2082 πόλιν

239 2144 299 2210 pro
319 2120 392 2199 πρός
412 2122 467 2193 τὴν
491 2118 598 2191 πόλιν,
617 2128 649 2183 et
669 2140 706 2182 ex
726 2114 912 2182 huiusmodi
934 2116 1031 2195 locis,
1052 2118 1198 2207 quinatis
1216 2122 1417 2202 multisunt,

172 2246 175 2249 ·
239 2226 440 2314 collegerunt
471 2223 592 2289 scilicet
627 2232 777 2300 πολεμεῖν
803 2222 874 2287 τινοί
900 2221 964 2286 dici
989 2227 1095 2311 pessel
1118 2223 1197 2291 ibid.
1230 2228 1248 2311 ς
1276 2229 1353 2292 105.
1371 2228 1416 2291 τίν

239 2338 356 2411 πρῶτον
392 2326 616 2402 εἰσεληλυθότα
646 2328 719 2408 πρὸς
749 2328 852 2406 ὑμοίς,
888 2341 1044 2417 concepte
1076 2339 1108 2394 et
1138 2330 1297 2397 solemnia
1329 2332 1417 2400 rerba

240 2447 313 2503 sunt
340 2435 372 2500 in
398 2433 523 2499 iudiciis
548 2430 662 2498 Atticis
686 2433 835 2497 εἰσελθεῖν
860 2434 903 2505 εἰς
927 2434 962 2496 τὸ
989 2435 1180 2514 δικαςοίριεν,
1206 2439 1351 2511 εἰσῆλθον
1377 2440 1416 2512 εἰς

239 2543 339 2621 ὑμοίς,
374 2539 494 2607 librarii
525 2561 584 2628 pro
612 2541 654 2612 εἰς
691 2536 826 2616 subinde
855 2538 928 2617 πρὸς
954 2548 986 2602 et
1006 2540 1044 2610 εἰς
1068 2538 1229 2608 dederuut
1249 2542 1307 2607 sed
1327 2542 1417 2609 costi·

239 2648 334 2738 gandi
355 2658 437 2713 sunt.
480 2643 518 2708 ln
543 2647 719 2709 drsctrmrs
741 2641 940 2707 Timarclrea
963 2645 981 2727 §
1007 2646 1083 2710 165.
1106 2644 1236 2734 rulgetn
1256 2645 1357 2715 lectio
1376 2650 1418 2715 δι·

239 2752 364 2831 εξῆλόον
398 2754 436 2824 εἰς
461 2752 545 2828 ὑμᾶς
570 2772 607 2814 ex
629 2748 797 2838 permultis
818 2748 908 2816 libris
930 2749 962 2813 in
986 2750 1058 2830 πρός
1080 2751 1164 2827 ὑμοίς
1192 2767 1340 2821 correcto
1357 2766 1418 2835 est,

238 2860 272 2926 in
293 2860 434 2926 oratione
454 2856 496 2922 cle
515 2855 624 2920 Falsa
643 2855 826 2945 legatione
845 2860 863 2942 §
883 2858 936 2921 22.
958 2854 1176 2933 συνετάξαμεν
1197 2859 1285 2936 ἡμᾶς
1304 2859 1414 2934 αὐτούς

240 2967 361 3056 optime
388 2966 544 3030 Rstsxtus
573 2963 646 3041 πρὸς
675 2965 760 3040 ἡμᾶς
791 2961 919 3033 αοίτοόςε
944 2962 976 3025 in
1002 2959 1241 3052 Cleszplrontea
1261 2989 1297 3055 p.
1318 2967 1372 3033 71.
1390 2969 1419 3032 6.

239 3064 309 3142 ἧκον
338 3070 411 3148 πρὸς
444 3071 529 3146 ἡμᾶς
559 3069 628 3144 μεό’
660 3064 762 3131 όπλων
788 3088 805 3130 e
831 3065 924 3131 codd.
946 3079 1111 3156 receptum
1132 3081 1180 3134 est
1199 3072 1253 3152 ἐφ’
1281 3073 1418 3150 dulcet

240 3176 299 3250 77,
333 3176 387 3238 37.
413 3173 467 3237 ἕοίν
497 3173 556 3250 μὲν
586 3170 685 3236 τοίνυν
716 3171 788 3251 πρός
819 3174 875 3245 τὴν
906 3173 1066 3252 εὐφημίαν
1099 3177 1195 3239 αὐτοῦ
1227 3181 1289 3240 τῶν
1319 3176 1418 3257 λόγοιν

239 3277 466 3355 οἰτοβλὲπιρσε,
506 3276 570 3342 duo
607 3275 733 3342 codices
764 3278 807 3348 εἰς
839 3278 894 3351 τίρν
923 3277 1108 3346 rectissime.
1164 3267 1421 3372 Nonnumquam*

239 3382 373 3448 verbum
394 3384 607 3475 compositum
628 3382 739 3449 eodem
761 3381 801 3447 de
822 3404 915 3447 causa
936 3384 1208 3473 praepositionem
1226 3386 1368 3467 omittit3
1384 3396 1419 3452 ut

240 3486 324 3576 upud
355 3487 533 3554 Lucrssurr
562 3493 620 3568 27,
656 3491 711 3553 23.
740 3487 975 3577 permiscentur
1002 3488 1183 3568 προσιόντων
1209 3502 1242 3556 ct
1260 3491 1366 3557 ἰόντων
1389 3503 1419 3559 ct

240 3594 258 3677 ς
281 3597 333 3658 28.
352 3596 524 3674 προσελθών
544 3606 576 3659 er
594 3595 704 3668 ἐλόόν,
723 3593 768 3659 sic
789 3593 1007 3659 Xnnoruonrr
1026 3593 1058 3657 in
1076 3593 1207 3660 Hellen.
1224 3594 1282 3664 tv.
1302 3615 1373 3663 vnr.
1390 3602 1418 3663 5.

239 3699 292 3764 καί
327 3700 397 3771 τοὺς
424 3701 482 3778 μὲν
511 3699 614 3771 ἰόντας
644 3699 785 3779 οὶρμοεοίς
807 3700 912 3780 ’Φίλας
938 3700 1098 3778 ἐδέχοντο,
1122 3703 1193 3773 τοὺς
1219 3702 1250 3766 δὲ
1274 3702 1417 3778 οἰπόντοις

239 3805 482 3883 μετεπέμποντο
506 3805 606 3871 redde
629 3806 700 3876 τοὺς
723 3806 783 3880 μὲν
805 3803 999 3884 προσιόντας.
1457 3876 1460 3883 ,

285 3909 395 3977 Unum
420 3912 605 4001 scriptorem
626 3909 739 3976 oddom
759 3932 795 3974 er
815 3905 1026 3997 sequioribus.
1060 3909 1098 3974 In
1120 3910 1320 3978 Pnrrrncrn
1336 3917 1418 3980 vitio

240 4016 365 4103 saepius
394 4016 467 4095 πρός
499 4015 699 4082 intercidisse
726 4014 960 4096 animadverti,
995 4029 1030 4081 ut
1063 4017 1097 4082 in
1129 4017 1349 4084 Themistocle
1380 4023 1420 4099 3,

240 4117 297 4185 ubi
326 4118 498 4207 legendum
528 4119 654 4202 μόλιτα
681 4120 711 4184 δὲ
738 4122 811 4200 πρὸς
838 4124 1030 4203 ’Λριεει’δνρν,
1055 4125 1088 4188 irr
1115 4126 1274 4216 Pompeio
1294 4147 1365 4217 cop.
1390 4129 1418 4192 1.

240 4222 310 4310 lege
329 4225 368 4295 ὡς
391 4226 464 4307 πρὸς
483 4227 535 4291 τόν
557 4226 720 4302 Πομοτνίου
742 4227 876 4307 πατέρα.
899 4226 933 4291 in
949 4228 1117 4321 Pelopida
1138 4253 1206 4320 cop.
1228 4235 1258 4295 9.
1278 4231 1418 4311 προςοίσ-

241 4352 300 4393 τιον
323 4328 410 4401 ειίόὺς
430 4327 511 4404 ἥκειν
535 4330 648 4404 αὐτόν,
673 4329 787 4420 supple
812 4333 886 4412 πρὸς
911 4335 1017 4402 αὐτόν.
1066 4336 1212 4426 Denique
1232 4337 1265 4401 in
1283 4337 1419 4405 Pericle

239 4455 309 4524 cup.
339 4437 391 4503 13.
415 4434 611 4519 όαυμοίζεται
633 4435 675 4502 τόν
700 4436 884 4517 Περικλέους
908 4438 987 4520 ἔργα
1011 4444 1103 4522 πρὸς
1129 4443 1226 4508 πολὺν
1254 4442 1366 4524 χρόνον
1385 4444 1416 4508 ἕν

241 4543 338 4623 όλόγῳ
363 4540 541 4621 γενόμενοι,
567 4543 695 4632 requiro
720 4545 763 4615 εἰς
787 4545 885 4609 τολὺν
908 4545 1027 4624 χρόνον.

287 4646 435 4716 Secunda
456 4649 665 4738 praepositio,
696 4649 979 4740 quemostendom
1001 4650 1136 4719 formem
1159 4677 1253 4744 saepe
1273 4668 1416 4736 mutare,

241 4751 307 4819 οἰπό
334 4763 391 4822 cst.
439 4750 545 4819 trahet
574 4754 685 4845 siglam
716 4755 781 4825 sire
799 4767 930 4837 notem,
954 4779 1052 4848 quom
1072 4760 1213 4831 Brsrtus
1232 4760 1362 4832 exhibet
1381 4762 1415 4829 irr
