3309 5750
791 651 857 715 bib

281 855 321 921 In
347 852 488 920 Maroae
512 849 674 916 Encomr‘o
702 851 760 927 57,
783 851 851 924 bri
877 849 1008 931 κεφαλὴ
1032 846 1223 914 λεπτότατοι
1243 849 1289 931 τῷ
1309 849 1421 931 αὐχένι

241 962 426 1041 συνέχεται,
461 956 683 1047 corrigendum
712 966 759 1020 est
788 953 986 1035 λεπτοτάτῳ.
1036 952 1136 1038 Quam
1158 977 1258 1045 saepe
1278 955 1314 1021 in
1335 976 1421 1021 corn·

239 1066 389 1160 paratinis
408 1078 440 1139 et
460 1065 659 1156 superlativis
679 1060 828 1126 adverbia
851 1072 882 1125 et
898 1060 1054 1125 adiectira
1070 1062 1153 1125 male
1173 1063 1420 1127 contundantur

240 1196 334 1264 supra
365 1172 581 1243 ostendimus,
609 1169 725 1258 quibus
747 1167 811 1231 duo
833 1167 893 1231 alia
915 1166 1059 1256 exempla
1081 1190 1118 1231 er
1140 1166 1335 1233 lanssutcm
1354 1174 1419 1233 vr'to

240 1279 461 1367 Pythagorae
490 1275 635 1341 adiiciam
666 1274 699 1338 in
728 1276 746 1359 §
776 1276 825 1337 16.
845 1273 896 1337 τόν
922 1298 958 1337 τε
981 1273 1167 1353 πρόσλοιπον
1191 1275 1418 1356 εὐφημότατον

239 1389 338 1449 πλοῦν
369 1381 568 1457 irrideam,
591 1380 656 1444 imo
678 1400 750 1443 aero
771 1378 984 1460 §conparare
1004 1383 1072 1466 et§
1095 1380 1145 1443 19.
1163 1380 1237 1443 θεῶν
1257 1378 1417 1459 θρησκείαν

239 1483 448 1559 &vastradam
474 1485 635 1563 tenatur,
661 1483 783 1573 corrige
808 1482 1014 1550 ἕντελέςατοι.
1064 1482 1164 1548 Paulo
1183 1495 1260 1573 post
1279 1486 1320 1549 τὸ
1343 1486 1417 1565 eripe,

240 1592 352 1669 πύγισν
389 1588 560 1654 oscitanter
589 1612 607 1653 a
637 1588 827 1653 laccurrrto
861 1586 1021 1653 intectum
1053 1587 1236 1654 Bruttianus
1266 1587 1417 1655 festinans

240 1696 373 1763 retinuit
401 1717 460 1784 pro
487 1694 713 1775 τούρροπύγιον.
762 1691 896 1759 Caetera
916 1691 1060 1758 Lucum
1080 1694 1195 1783 scripta
1221 1716 1330 1784 quum
1350 1694 1416 1759 satis

242 1801 414 1889 diligenter
450 1802 481 1865 in
519 1800 736 1889 superioribus
768 1798 979 1878 excusserim,
1006 1821 1093 1864 nuuc
1125 1800 1164 1865 ad
1196 1799 1289 1865 aliud
1317 1799 1417 1891 quod·

243 1905 315 1971 dam
345 1928 444 1994 genus
474 1906 728 1972 observationum
759 1905 1094 1996 palaeographicarum
1128 1907 1273 1972 transibo
1302 1919 1334 1972 et
1352 1906 1416 1996 pri·

242 2033 331 2077 mum
353 2011 393 2074 de
416 2012 688 2102 praepositionum
712 2011 923 2101 quarumdam
943 2011 1029 2100 siglis
1049 2023 1082 2076 et
1100 2012 1304 2102 compendiis
1321 2010 1416 2076 disse·

242 2139 325 2195 ram,
347 2116 464 2206 quibus
480 2118 563 2182 inter
578 2141 611 2183 se
630 2130 750 2183 temere
766 2118 906 2182 confusis
924 2130 955 2182 et
967 2118 1255 2209 permistismagna
1268 2118 1416 2184 vitiorum

241 2234 274 2288 et
303 2220 494 2287 mendorum
525 2235 650 2287 caterra
681 2224 850 2315 scriptores
879 2235 999 2288 veteres
1028 2224 1143 2289 invasit
1170 2236 1202 2289 et
1232 2224 1416 2289 etiamnunc

245 2328 390 2406 obsidet,
424 2350 505 2416 quae
533 2329 639 2394 omnia
669 2351 734 2394 nou
763 2351 879 2419 magno
900 2309 1009 2394 labore
1029 2331 1251 2420 unusquisque
1274 2330 1371 2396 tollet
1388 2339 1416 2393 et

243 2434 384 2512 sanabit,
428 2436 484 2523 qui
521 2436 612 2500 nixus
647 2436 923 2502 observationibus
958 2436 1230 2526 palaeographieis
1260 2437 1360 2501 certis
1390 2446 1418 2500 et

240 2540 436 2620 manifestis,
470 2540 608 2608 Graecae
642 2543 770 2633 linguae
798 2542 964 2632 ingenium
994 2554 1026 2606 et
1054 2556 1199 2608 naturam
1229 2556 1262 2608 et
1289 2544 1416 2611 dicendi

239 2641 332 2713 us‘nm
363 2670 400 2712 ac
428 2650 657 2739 proprietatem
689 2674 762 2716 sana
794 2650 916 2714 ratione
944 2660 975 2712 et
1001 2661 1095 2714 acuto
1122 2650 1244 2714 iudicio
1270 2672 1309 2716 ex
1343 2652 1416 2717 locis

239 2750 431 2842 incorruptis
460 2754 629 2819 collectam
660 2767 691 2819 et
719 2766 919 2846 perspectam
945 2754 1076 2819 audebit
1098 2755 1259 2821 vindicare
1281 2769 1316 2822 et
1338 2756 1416 2822 tueri

241 2855 389 2924 adversus
419 2860 550 2925 istorum
582 2861 725 2927 omnium
748 2862 990 2939 auctoritatem,
1015 2862 1070 2951 qni
1091 2859 1232 2940 librarii,
1257 2872 1416 2929 correcto·

242 2986 311 3041 res,
328 2965 419 3029 scioli
440 2988 533 3031 omne
554 2990 657 3056 genus
668 2967 850 3032 incredibili
868 2966 991 3030 inscitia
1011 2978 1043 3030 et
1059 2965 1188 3031 levitate
1204 2968 1254 3031 usi
1271 2970 1418 3035 omnibus

242 3066 345 3131 modis
362 3069 597 3158 interpolarunt
612 3084 819 3138 monumenta
837 3071 1053 3160 antiquitatis,
1070 3093 1206 3160 quornm
1226 3072 1270 3138 ita
1288 3075 1418 3140 demum

243 3172 406 3238 lrnetuosa
435 3176 495 3241 erit
524 3174 765 3269 interpretatio,
799 3178 825 3243 si
847 3201 938 3256 eam,
957 3188 992 3241 ut
1015 3176 1279 3260 Quincrttttttus
1301 3179 1419 3244 alicubi

239 3279 412 3369 praecipit,
434 3283 609 3348 emendata
626 3286 721 3348 lectio
734 3285 937 3375 praecedet,
957 3305 1062 3372 neque
1078 3284 1256 3373 quidquam
1275 3284 1416 3352 humano

241 3385 371 3475 ingenio
402 3399 433 3452 et
457 3389 572 3454 rationi
592 3390 799 3480 perniciosius
821 3387 952 3479 reperiri
971 3410 1064 3478 posse
1086 3390 1235 3468 arbitror,
1262 3415 1360 3481 quam
1382 3416 1417 3458 ea

241 3490 443 3583 interpretari
465 3506 496 3560 et
517 3495 576 3560 sibi
594 3496 774 3586 intelligere
795 3495 911 3573 rideri,
931 3516 1012 3584 quae
1034 3494 1107 3583 quia
1124 3517 1216 3559 sensu
1233 3507 1417 3562 raeuasunt

242 3597 284 3662 ab
304 3621 380 3662 sano
403 3599 533 3667 homine
559 3601 695 3690 intelligi
717 3625 781 3667 non
802 3611 955 3692 possunt,
976 3611 1008 3664 et
1030 3599 1189 3688 quianon
1214 3614 1348 3690 possunt
1367 3603 1418 3666 in·

242 3702 343 3792 telligi
371 3727 434 3768 non
468 3705 588 3771 debent
613 3705 773 3796 explicari.
821 3704 1093 3795 Compendio'rum
1116 3717 1148 3771 et
1169 3706 1323 3795 siglarum
1345 3730 1417 3773 usus

241 3810 274 3874 in
305 3810 470 3889 codicibus
500 3824 547 3876 est
577 3813 786 3902 perantiquus
818 3823 850 3876 et
871 3812 926 3901 qui
946 3810 1042 3900 primi
1064 3812 1107 3882 εἷς
1131 3809 1232 3889 τάχος
1254 3810 1415 3894 ἔγραφον,

241 3926 278 3979 ut
306 3916 438 4004 opinor,
471 3915 533 3980 iam
566 3929 742 4006 coeperunt
771 3917 828 3981 illo
854 3916 951 3981 modo
977 3939 1105 4006 operam
1125 3916 1416 4004 conpendifacere,

175 4069 177 4074 .
241 4017 328 4082 unde
357 4019 442 4108 olim
459 4021 614 4084 nonnulla
637 4032 858 4109 receptasunt
879 4021 1020 4099 abillis,
1045 4021 1100 4110 qui
1122 4023 1165 4092 εἷς
1192 4022 1312 4094 κάλλος
1338 4026 1417 4106 ypol-

240 4127 313 4203 φειν
333 4121 529 4190 dicebantun
563 4125 636 4189 Vidi
653 4125 789 4216 Neapoli
807 4126 925 4191 librum
944 4128 1095 4217 scriptum
1114 4140 1284 4215 antequam
1307 4128 1416 4196 Chris·

241 4239 293 4292 tus
323 4240 484 4294 natusest
514 4253 551 4294 ex
581 4231 810 4296 Herculanensi
841 4232 935 4298 exitio
965 4246 1138 4311 serratum,
1161 4233 1193 4297 in
1216 4257 1281 4324 quo
1301 4247 1335 4300 et
1355 4236 1415 4301 alia

241 4331 426 4400 huiusmodi
455 4336 578 4402 inerant
609 4350 640 4403 et
671 4337 898 4429 compendium
926 4338 1168 4430 praepositionis
1198 4340 1291 4419 πρός,
1322 4343 1415 4408 euius

199 4437 200 4441 ’
240 4441 370 4530 vestigia
402 4454 477 4506 sunt
504 4442 537 4508 in
568 4445 712 4510 omnium
742 4445 896 4510 librorum
929 4444 1099 4534 seripturis.
1149 4443 1226 4527 Quis
1252 4447 1339 4512 enim
1367 4461 1414 4514 est

199 4625 201 4628 Ι
242 4548 377 4638 scriptor
408 4549 567 4627 Graecus,
600 4551 632 4614 in
661 4574 726 4641 quo
748 4574 812 4617 non
834 4563 984 4641 appareat
1003 4548 1152 4631 πράττειν
1175 4553 1414 4632 θῑπροςαὶττειν

242 4654 373 4719 confusa
401 4675 468 4718 esse
497 4666 551 4719 aut
573 4661 711 4737 πρᾶγμα
736 4668 767 4722 et
790 4655 993 4737 rrpdeayna?
1039 4654 1076 4721 ln
1101 4657 1251 4723 Lucrtrto
1275 4661 1336 4738 47,
1363 4662 1415 4728 to.

244 4757 399 4826 edebatur
426 4760 502 4827 olim
528 4760 714 4844 ἀνδράποδον
743 4757 814 4844 εἶχε
829 4801 875 4815 -
894 4762 988 4842 μηδὲν
1017 4764 1148 4844 αἰσχρὸν
1172 4760 1211 4829 ὧν
1231 4762 1416 4846 reordinat
