3309 5750
1248 825 1253 835 Ι
1340 747 1410 801 xm

243 915 425 1016 palmarias
443 913 716 1004 *emendationes
751 934 822 988 non
849 911 932 988 facit
961 919 1012 988 ot·
1026 913 1176 1002 invenit,
1209 916 1271 990 sed
1294 926 1415 994 oertas

240 1049 402 1143 praestat
422 1050 459 1117 et
482 1045 706 1117 demonstrat.
756 1032 852 1116 Non¹
871 1042 955 1115 satis
988 1047 1043 1116 est
1073 1042 1119 1116 od
1143 1044 1246 1118 crisin
1271 1044 1417 1121 felioiter

241 1161 524 1252 exeraendam--at
547 1194 664 1268 sapere
684 1177 721 1243 et
733 1169 884 1268 'linguae
901 1194 1006 1243 usum
1025 1195 1066 1244 ao
1084 1170 1252 1246 rationem
1271 1197 1415 1248 omnem

244 1289 499 1373 aromatissime
534 1287 652 1370 tenere
684 1304 720 1370 et
749 1297 786 1369 in
815 1286 955 1395 promtu
986 1297 1129 1371 habere:
1164 1323 1254 1396 opas
1279 1308 1333 1373 est
1357 1324 1414 1375 vo·

241 1426 530 1501 tustosCodioes
556 1414 699 1522 scriptos
719 1415 782 1499 diu
806 1432 842 1499 et
861 1425 1012 1500 multum
1034 1446 1214 1514 versasse,·
1230 1434 1266 1500 et
1292 1428 1417 1503 sariba·

192 1626 195 1629 ⁴
241 1542 339 1628 rum
357 1552 531 1626 inscitiam
553 1558 595 1626 -et
615 1553 808 1627 socordiam
833 1555 1021 1628 sexcenties
1046 1545 1103 1629 ’ἐπ’
1123 1557 1330 1654 αὐτοφώρῳ
1356 1556 1418 1629 de·

244 1670 492 1779 prehendisse,
523 1687 559 1755 et
582 1680 712 1777 passim
738 1681 863 1755 vidisse
892 1702 1037 1756 nascens
1062 1682 1189 1757 vitium
1212 1690 1248 1756 et
1273 1684 1419 1781 gliscen-

252 1798 471 1896 tam'lab'om,
491 1814 526 1881 et
547 1813 588 1879 ut
606 1831 700 1882 error
723 1831 872 1882 errorem
889 1809 1024 1891 trahere
1046 1817 1082 1883 et
1103 1834 1224 1909 parere
1242 1811 1365 1898 soleat,
1384 1816 1421 1885 et

247 1926 338 2033 quae
371 1936 499 2010 menda
530 1959 573 2010 ex
602 1961 674 2034 quo
708 1936 882 2010 seribendi
911 1954 1056 2035 genere,
1090 1937 1292 2037 exquibus
1323 1937 1420 2037 siglis

245 2055 502 2162 oompendiisve
525 2054 703 2152 'adantum
736 2071 773 2137 et
804 2058 1101 2162 quemadmodum
1127 2072 1228 2139 vetus
1253 2066 1422 2166 scriptura

247 2180 414 2287 primum·
430 2192 550 2265 leviter
577 2191 700 2266 affecta
726 2205 955 2266 correctorum
976 2186 1179 2267 temeritate
1202 2194 1339 2270 motin
1360 2217 1420 2292 pe·

207 2384 211 2388 .
246 2307 323 2407 ius,
359 2326 408 2391 at2
422 2320 607 2417 ammaum
640 2310 778 2393 dicendi
804 2345 916 2419 genus
948 2320 993 2395 ad
1020 2321 1218 2418 aequiorum
1242 2321 1420 2420 negligen-

241 2445 337 2519 tiam
361 2435 570 2544 refrigatur,
605 2454 640 2519 ot
659 2447 793 2521 insulsa
817 2448 1013 2522 sciolorum·
1025 2448 1263 2522 additamenta
1280 2448 1363 2522 olim
1382 2447 1420 2521 in

243 2573 405 2672 margine
425 2569 615 2673 adscripta,
640 2582 702 2649 ant
724 2575 816 2649 inter
839 2583 964 2658 versus*
985 2575 1206 2673 interposita,
1227 2576 1316 2649 mole
1337 2577 1419 2649 irro-

246 2691 353 2800 pant,
385 2710 430 2776 et·
445 2691 646 2777 observasse
671 2703 821 2801 denique
845 2727 935 2801 qnae
959 2702 1004 2776 sit
1027 2702 1193 2800 peccandi
1213 2703 1321 2783 veluti
1338 2726 1418 2780 aon·

247 2828 376 2904 stantia
397 2830 569 2935 qnaedam
592 2837 630 2903 et
652 2829 829 2928 analogia,
855 2837 895 2903 at
914 2829 951 2903 in
970 2828 1092 2904 eadem
1118 2853 1156 2902 ra
1176 2826 1270 2904 idem
1295 2829 1418 2908 vitium

246 2957 409 3057 frequens
432 2967 672 3032 et'oommune
695 2957 761 3045 sit,
780 2967 830 3032 <et
853 2957 960 3032 semel
986 2954 1176 3055 deprensus
1202 2981 1294 3033 error
1321 2958 1417 3059 agro·

238 3086 344 3185 :giam
374 3077 476 3184 opem
504 3086 591 3160 ferat
619 3110 688 3160 non
718 3086 822 3160 simili
845 3086 938 3171 malo
962 3087 1024 3162 sed
1051 3110 1192 3184 prorsus
1212 3087 1325 3162 eidem
1349 3086 1418 3161 alio

237 3213 323 3287 loeo
350 3203 418 3287 aut
444 3215 481 3287 in
507 3212 574 3289 alio
598 3207 802 3313 'scriptores
832 3214 974 3312 Siquis
1003 3214 1173 3288 Codicum
1204 3213 1333 3288 auxilio
1369 3215 1418 3288 sio

248 3331 388 3430 stetim,
411 3342 608 3416 emendatio
630 3335 1055 3416 emendationem-'novam
1078 3343 1206 3440 pariet,
1237 3348 1272 3415 et
1298 3344 1419 3415 omnes

247 3469 375 3568 pariter
404 3477 533 3543 certam
555 3457 663 3543 fidem
686 3475 722 3541 et
745 3470 1014 3569 πειθανάγκην
1034 3452 1247 3543 habebunt(
1276 3470 1333 3543 Sia
1359 3469 1418 3542 da·

242 3598 393 3672 -sultoria
422 3596 543 3671 levitas
572 3603 738 3695 arguetur
766 3603 802 3669 et
824 3596 1052 3693 castigabitur
1077 3595 1251 3669 temeritas
1280 3618 1419 3680 eonrm,

250 3725 314 3823 qni
336 3725 448 3798 illotis·
465 3724 628 3799 manibus
659 3724 745 3798 haee
773 3748 868 3797 saera
897 3729 1099 3810 attrectant,
1126 3730 1162 3796 et
1184 3721 1280 3820 quod
1300 3744 1421 3795 verum

244 3853 423 3951 ‘est,‚quia
447 3877 567 3934 omnes
584 3851 736 3927 veritatis
754 3849 917 3927 numeros
931 3849 1098 3937 habebit,
1122 3873 1292 3924 consensu
1313 3873 1419 3947 agno·

252 3989 377 4055 soetnr.¹
428 3981 652 4079 Quicumque
677 3982 836 4054 nondum
858 3980 963 4079 longo
984 4004 1053 4054 usn
1075 3979 1282 4054 exercitatam
1302 3978 1340 4051 in
1360 4003 1419 4053 an·

252 4109 351 4207 tiqno
376 4108 539 4207 scriptore
561 4103 685 4182 vitium
706 4108 770 4182 tibi
791 4109 886 4182 visus
908 4132 945 4182 es
969 4108 1251 4206 deprehendisse,
1272 4115 1307 4179 et
1328 4106 1419 4180 frau-

242 4237 332 4310 dem
349 4231 566 4310 librariorum
582 4243 699 4310 tenere
717 4243 751 4309 te
762 4245 885 4336 putas,
910 4237 1054 4310 ostende
1067 4235 1154 4310 mihi
1166 4236 1313 4310 errorem
1330 4233 1420 4307 eius·

251 4354 429 4438 dammodi
447 4363 484 4436 in
502 4362 612 4437 simili
631 4389 669 4437 ra
689 4365 932 4452 commissum,
957 4386 1119 4462 exprome
1139 4363 1253 4437 locum
1277 4361 1340 4434 ubi
1355 4361 1421 4435 hoo

241 4491 384 4591 ipsam,
419 4492 578 4589 quodzru
599 4493 756 4590 reponis,
792 4492 973 4567 emendate
1002 4492 1168 4591 seriptum
1196 4496 1269 4577 est,
1295 4496 1331 4564 et
1357 4490 1422 4564 erit

250 4601 312 4693 aur
330 4627 368 4693 ta
394 4616 579 4718 diligenter
601 4621 794 4696 audiamus.
845 4623 964 4720 Negas
987 4620 1052 4693 hoo
1075 4619 1151 4694 fiori
1175 4644 1277 4718 posse
1307 4622 1343 4689 et
1368 4616 1423 4689 vel

240 4725 518 4822 alutinensem
529 4744 743 4846 apostolos„
761 4755 826 4823 aut
844 4749 1009 4848 ineptas-²
1025 4746 1092 4837 aaa
1115 4747 1332 4846 impudens·¹
1347 4748 1422 4819 esse

249 4871 449 4951 ansbera:
486 4873 528 4948 0ἶ
545 4876 949 4975 quantum-ineptarum
966 4875 1337 4952 :tameatiun'oirlarnm
1360 4880 1421 4947 ant
