3309 5750
800 603 866 666 327

242 796 319 863 dum
338 809 392 862 aut
411 794 652 870 consolandum.
701 797 775 866 Uno
796 795 946 886 exemplo
967 806 1053 876 utar,
1086 798 1161 889 quia
1182 813 1351 891 corruptus
1370 802 1421 869 lo·

241 925 297 969 cus
324 914 371 968 est
400 913 433 968 et
462 901 538 967 binc
568 900 750 968 emendatio
783 901 967 967 confirmari
999 914 1117 992 potest.
1170 903 1302 995 Legitur
1334 907 1422 1000 apud

241 1008 411 1075 llttuosrtt.
432 1033 466 1099 p.
491 1011 567 1087 tlt,
588 1013 642 1075 24.
666 1018 731 1082 τοῖς
761 1011 971 1089 ταλαιπώροις
1002 1009 1166 1089 Ὠρείταις
1193 1011 1326 1077 τουτοισί
1354 1015 1422 1077 ε’πι-

242 1115 452 1195 σκεψομένους
476 1113 539 1197 έψν
565 1116 636 1186 τοὺς
658 1115 834 1196 ςραπιώτας
858 1112 1063 1195 πεπομφέναι
1087 1117 1160 1178 κατ’
1186 1113 1315 1180 εὔνοιαν.
1345 1127 1422 1180 πυν-

241 1221 384 1288 ίοίνεσίαι
421 1219 483 1300 γὰρ
518 1220 633 1291 αὐτοὺς
666 1220 706 1290 ὡς
740 1222 858 1311 νοσοῦσι
894 1216 961 1304 [καί
988 1216 1189 1299 ςασιοίζουσιν
1219 1220 1250 1282 ἐν
1280 1218 1420 1306 αὑτοῖς].

241 1324 349 1392 Codex
380 1323 401 1390 S
430 1323 551 1390 omittit
580 1326 611 1390 ἐν
639 1324 745 1396 αὐτοῖς
775 1322 832 1389 scd
860 1346 925 1388 non
957 1334 1004 1387 eat
1028 1323 1119 1388 satis:
1143 1324 1239 1413 periit
1263 1322 1421 1394 mordacis

238 1429 318 1496 dicti
348 1429 499 1510 aculeus,
532 1429 643 1496 addito
673 1429 861 1519 importuno
892 1428 1085 1494 emblemate
1115 1431 1168 1496 καί
1203 1430 1419 1513 στασιοίζουσι.

242 1546 357 1602 Νοσεῖν
379 1535 419 1602 de
438 1536 566 1604 civitate
582 1535 703 1602 dictum
720 1535 806 1602 idern
826 1558 893 1601 esse
911 1535 998 1625 quod
1017 1535 1178 1618 ςασιοίζειν
1195 1558 1291 1602 nemo
1308 1535 1421 1603 nescit.

243 1639 307 1707 Sed
335 1640 416 1706 baec
443 1655 511 1709 erat
533 1642 674 1733 Philippi
693 1638 846 1723 εἰρωνεία,
874 1653 911 1708 ιιι
934 1641 966 1706 in
987 1648 1084 1706 νοσεῖν
1105 1639 1230 1707 luderet
1250 1663 1287 1706 ac
1307 1663 1339 1707 se
1358 1642 1421 1710 mi·

242 1745 318 1811 sisse
338 1745 459 1814 diceret
477 1749 548 1821 τοὺς
572 1747 854 1827 ἐπισκεψομένους,
882 1747 939 1837 qui
959 1758 1103 1836 aegrotos
1118 1747 1291 1814 inviserent
1309 1758 1342 1813 et
1362 1768 1420 1812 ou-

239 1865 357 1920 rarent.
394 1854 450 1918 Est
472 1851 745 1942 operaepretium
768 1850 849 1917 duos
871 1852 950 1919 alios
969 1852 1203 1923 uarosrnrrrs
1222 1852 1310 1919 locos
1329 1874 1420 1922 oom-

239 1980 351 2050 parare
371 1983 403 2047 p.
425 1960 484 2036 22,
505 1961 535 2023 7.
561 1965 738 2029 Θετταλοῖς
765 1956 950 2041 ςασιοίζουσι
975 1958 1028 2023 καί
1053 1958 1302 2039 τεταραγμένοις
1327 1959 1421 2036 ε’βοιί-

239 2065 322 2139 ίνσε.
361 2061 463 2129 codd.
494 2059 594 2127 ΑΥΟ.
625 2064 744 2126 νοσοῦσι
770 2060 824 2125 καί
851 2061 1036 2146 ςασιοίζουσι
1066 2061 1119 2127 καὶ
1147 2061 1419 2143 τεταραγμένοις,

239 2181 272 2235 et
299 2194 330 2258 p.
354 2172 434 2248 124,
455 2171 485 2234 t.
518 2166 644 2232 έπειδίιν
675 2167 706 2231 δὲ
737 2166 810 2245 πρὸς
841 2173 1005 2239 νοσοῦντας
1038 2167 1068 2230 ἐν
1100 2167 1206 2238 αὑτοῖς
1238 2152 1419 2255 προσπέσῃ,

241 2272 343 2341 Godd.
370 2272 408 2341 Δ.
427 2285 459 2339 et
478 2272 501 2341 S
523 2276 687 2343 νοσοῦντας
708 2272 738 2335 ἕν
759 2272 867 2343 αὑτοῖς-
891 2272 944 2337 καί
965 2271 1222 2353 τεταραγμένους
1241 2272 1419 2357 προσπέσῃ,

243 2379 300 2444 ubi
320 2379 588 2469 interpolatorum
607 2397 720 2442 manus
741 2378 941 2464 agnoscitur,
960 2389 996 2442 ut
1017 2387 1065 2441 tot
1087 2375 1156 2443 aliis
1173 2376 1271 2450 locis.
1296 2378 1352 2444 ubi
1369 2390 1419 2446 ta-

241 2506 317 2551 men
335 2484 456 2550 nemini
476 2482 654 2574 quidquam
675 2480 811 2546 subolet.
832 2506 864 2571 p.
884 2486 944 2559 23,
964 2484 1017 2547 28.
1046 2504 1181 2571 magnus
1204 2492 1310 2548 orator
1328 2482 1420 2549 dire·

239 2601 287 2655 rat
318 2591 351 2654 αἱ
386 2589 449 2669 γαρ
480 2586 646 2668 εὐπραξίαι
680 2585 774 2650 δειναὶ
805 2590 993 2668 συγκρύψαι.
1019 2586 1061 2652 τα
1091 2590 1213 2652 τοιαῦτ’
1241 2587 1349 2665 ὀνείδη.
1384 2590 1419 2655 in

240 2693 318 2761 cod.
339 2693 376 2758 B.
408 2692 574 2757 annotatio
601 2702 648 2756 est
676 2690 711 2755 iu
730 2712 828 2780 marg.
851 2686 1033 2772 συγκρύψαι
1057 2691 1126 2756 cirri
1152 2696 1206 2757 τοῦ
1233 2691 1416 2759 συσκιοίσαι.

240 2799 279 2865 ln
299 2799 431 2865 caeteris
451 2797 600 2863 omnibus
622 2795 740 2887 legitur
767 2797 862 2861 δειναί
890 2796 1072 2878 συγκρύψαι
1099 2795 1152 2861 καὶ
1176 2796 1346 2862 συσκιοίσαι
1373 2797 1418 2863 τοὶ

239 2910 374 2971 τοιαῦτα
395 2904 509 2979 ὀνείδη,
535 2916 759 2994 praeterquam
780 2901 813 2968 in
832 2900 857 2967 S
875 2914 908 2968 et
925 2902 966 2981 F,
991 2902 1046 2967 ubi
1065 2914 1171 2968 tamen
1191 2900 1331 2970 secunda
1346 2926 1418 2969 ma·

240 3032 300 3074 nus
322 3006 491 3074 anomalam
513 3009 698 3100 adscripsit3
722 3007 784 3073 boc
806 3006 905 3097 igitur
922 3006 1085 3072 emblema
1105 3009 1156 3072 ἐπ’
1177 3011 1346 3093 αὐτοφώρῳ
1368 3021 1419 3079 te·

237 3137 361 3181 nemus.
408 3113 496 3180 Num
525 3118 632 3182 minus
657 3115 824 3181 manifesta
856 3113 935 3179 baec
963 3112 1126 3179 ridentur:
1149 3116 1207 3192 20,
1233 3120 1286 3183 28.
1310 3116 1417 3197 μικρὸν
1512 3114 1516 3119 ’

242 3229 395 3298 πταῖσμα
419 3217 538 3285 ἅπαντ’
560 3221 748 3301 ἀνεχαίτισε
782 3218 849 3307 [καί
873 3218 1030 3305 διέλυσε],
1065 3218 1196 3284 verbum
1218 3242 1289 3285 acre
1308 3232 1340 3286 et
1362 3235 1421 3286 rei

239 3323 372 3389 hemens
401 3334 433 3389 et
464 3325 631 3414 splendida
661 3325 847 3415 metaphora
878 3336 1044 3413 tamquam
1073 3323 1158 3390 nube
1185 3325 1419 3393 obscuratura

241 3428 393 3519 languido
421 3439 453 3494 et
481 3430 620 3521 insipido
645 3431 746 3496 ‘serbo
778 3430 912 3495 διέλυσε.
962 3426 1036 3493 Νοιι
1065 3427 1177 3517 legisse
1200 3429 1235 3494 in
1255 3453 1313 3496 suo
1334 3430 1417 3498 libro

238 3537 551 3606 Hrnrocmrrorrn
577 3537 651 3603 satis
679 3546 810 3626 apparet
835 3534 920 3624 apud
942 3533 1046 3623 ipsum
1066 3533 1100 3598 in
1127 3556 1156 3600 r.
1176 3535 1380 3616 ἀνεχαίτισεν
1395 3546 1421 3605 ¹.

238 3642 343 3709 Multo
374 3638 470 3708 eliam
499 3643 590 3733 peius
620 3641 763 3709 Oratoris
793 3641 890 3707 rerba
916 3639 1111 3730 interpolata
1133 3652 1207 3706 sunt
1229 3665 1262 3732 p.
1284 3643 1343 3722 21,
1365 3646 1419 3710 20.

239 3747 326 3822 ίίπας
351 3749 408 3828 μέν
431 3748 525 3828 λίγος
547 3749 586 3815 alr
612 3751 679 3832 οίπῇ
707 3748 749 3814 τα
773 3745 956 3828 πραγματα
979 3743 1166 3824 μοίταιίντι
1189 3745 1418 3828 φαίνεταικαὶ

240 3852 342 3927 κενίν,
370 3846 503 3932 μοίλιςα
532 3857 557 3921 δ’
582 3856 595 3920 ὁ
622 3853 709 3936 παρίο
736 3861 793 3928 τῆς
809 3850 975 3932 ,ἡμετέρας
1005 3849 1135 3923 πόλεως·
1164 3849 1223 3932 dep
1252 3852 1315 3933 γὰρ
1340 3853 1423 3918 icor*

239 3957 355 4036 μίτατ’
376 3959 459 4038 αὐτῷ
485 3959 630 4040 δοκοῦμεν
657 3960 792 4042 χρῆσθαι
818 3957 955 4039 τοσούτῳ
979 3960 1105 4035 μᾶλλον
1124 3957 1272 4025 απιτοῦσι
1299 3955 1417 4031 ποίντες

240 4061 341 4142 αὐτῷ,
361 4063 498 4151 pessime
519 4077 550 4130 et
571 4066 695 4132 soloece
716 4062 893 4156 composita
912 4072 987 4128 sunt
1008 4057 1066 4144 ίσῳ
1088 4059 1280 4140 ἕτοιμίτατα
1303 4100 1349 4112 -
1366 4087 1418 4129 το-

274 4297 293 4366 ¹)
311 4303 343 4350 In
361 4301 452 4350 talibus
469 4301 579 4351 multum
597 4305 634 4350 est
652 4299 678 4348 in
696 4298 926 4348 Hanrocnmora
944 4296 1072 4360 praesidii,
1090 4296 1134 4361 qni
1155 4310 1294 4360 numquam
1311 4295 1418 4359 scripsis-

239 4394 277 4438 set
295 4387 327 4435 H
331 4403 392 4455 ρυτ
402 4386 521 4439 acrior
532 4405 571 4437 τοι
587 4410 616 4421 -·
630 4385 694 4435 ἀντί
711 4387 759 4433 τοῦ
778 4384 951 4442 διοικοῦντα,
971 4382 993 4430 si
1010 4383 1037 4430 in
1056 4396 1101 4431 suo
1118 4381 1302 4430 Dltttosmltrttt
1317 4381 1423 4442 legisset

239 4488 264 4537 p.
284 4477 331 4532 58,
349 4476 388 4520 18.
409 4472 528 4521 κατιδὼν
548 4471 582 4520 τὰ
600 4466 666 4537 παρ’
686 4464 761 4527 ὑμῶν
779 4465 965 4530 [διοικοῦντα]
988 4465 1117 4530 Φιλίππῳ
1136 4465 1210 4529 [καί]
1230 4461 1418 4531 πρυτανείου·

239 4573 292 4615 τα,
321 4571 381 4604 narn
401 4556 470 4605 hunc
487 4557 570 4620 ipsum
586 4555 671 4604 locum
691 4552 798 4601 indicat:
823 4565 906 4615 neque
930 4549 1126 4600 Πολιτεία·
1146 4549 1224 4606 ἰδίως
1243 4547 1361 4597 εἰώθασι
1379 4548 1418 4614 τῷ

240 4639 353 4700 ὀνόματι
368 4642 490 4706 χρῆσθαι
509 4640 534 4689 or‘
550 4639 661 4707 ῥήτορες
678 4638 724 4687 ἐπὶ
744 4641 791 4702 τῆς
809 4636 1012 4703 δημοκρατίας,
1031 4634 1054 4683 si
1071 4635 1172 4697 l‘egiaeet
1186 4649 1210 4697 p.
1232 4637 1293 4692 100,
1314 4636 1352 4680 13.
1371 4633 1419 4698 ἐχ·

241 4727 312 4795 opto
328 4729 375 4791 τῆς
390 4724 531 4783 πολιτείας
548 4725 608 4790 [καί
624 4730 674 4790 τῆς
690 4721 905 4792 δηροκρατίας],
924 4719 1115 4788 quue‘t'nlsarius
1129 4717 1256 4782 descripsit
1267 4731 1292 4781 p.
1302 4719 1365 4777 135,
1377 4721 1418 4766 12.
1484 4780 1488 4786 ¹
