3309 5750
739 673 803 735 129

171 865 271 937 quam
308 843 411 912 lutilis
446 843 684 913 Grammaticus
728 865 767 912 en
799 847 963 928 ἁλώσομαι
994 845 1138 925 extudit,
1167 866 1231 913 non
1258 845 1364 913 mullo

169 951 360 1020 meliorest
384 950 523 1028 inlexe,
551 968 615 1036 qua
636 950 807 1017 Anrrnrrun
831 952 973 1019 Smonrus
1001 952 1148 1019 abutitur
1171 955 1205 1019 in
1231 951 1361 1023 Antbol.

175 1049 292 1125 Grssl'.
318 1057 359 1122 Il.
386 1075 416 1142 p.
439 1060 471 1121 6.

264 1161 432 1245 Εὐαγόρας
456 1160 486 1226 δ’
509 1160 548 1226 ὢν
572 1162 696 1242 χαλκὸς
720 1161 795 1244 ἄτερ
819 1161 909 1228 δόλον
932 1163 1026 1236 αὐτὸς
1050 1162 1186 1229 oinium

125 1265 127 1271 ’
168 1266 412 1336 Eiusdemmodi
431 1273 481 1333 est
504 1264 652 1331 futurum
670 1265 771 1347 δμασιο
791 1286 832 1333 ex
852 1267 959 1348 ὤμοσα
979 1265 1064 1336 male
1087 1276 1211 1336 natum.
1245 1267 1364 1336 Srnnro

171 1373 207 1439 in
227 1372 357 1439 Antdol.
382 1373 418 1438 Τ.
445 1371 500 1437 lIl.
523 1390 553 1457 p.
567 1374 630 1437 78:

306 1476 410 1557 δέξαι’
434 1478 495 1555 ἐγὼ
519 1473 703 1559 μελάθροις,
727 1480 759 1544 οὐ
783 1477 834 1557 μοὶ
856 1477 909 1544 rio
933 1481 980 1528 —‘
1001 1479 1056 1543 οὐκ
1079 1477 1192 1558 ὄμοσον.

171 1569 287 1650 eadem
312 1580 413 1648 lorma
437 1580 585 1648 abutitur
608 1579 804 1648 Pnurnncnus
819 1584 853 1650 in
875 1582 1019 1649 Cicerone
1042 1586 1096 1650 25.
1120 1584 1268 1665 προῆλθεν
1288 1581 1359 1662 αμα-

166 1711 247 1766 σιον,
271 1693 384 1773 estuue
399 1686 478 1753 adeo
495 1685 677 1773 reponenda
703 1687 736 1751 in
760 1686 861 1755 Morio
876 1692 940 1755 αθ.
963 1687 1134 1754 Simillimo
1153 1705 1263 1754 errore
1285 1688 1362 1755 Peu-

166 1809 301 1858 'rtuuuus
314 1810 354 1857 ex
373 1792 531 1874 ἅμφιέσαο
551 1792 676 1859 extudit
689 1792 856 1876 ἀμφιέζειν
880 1794 914 1858 in
932 1792 964 1858 C.
993 1791 1131 1859 Graccho
1152 1796 1250 1860 bele
1272 1795 1364 1875 νίψαι

167 1898 286 1965 νίπτειν
310 1897 357 1975 ἰν,
371 1895 486 1964 l'leseo
511 1903 562 1964 10.
595 1896 826 1984 Pervulgaturn
850 1899 914 1964 iam
939 1897 1015 1964 olim
1038 1905 1114 1964 erat·
1134 1897 1274 1977 vitium,
1297 1918 1361 1986 quo

166 2004 277 2086 οφλοιν
295 2009 328 2068 et
345 2000 449 2085 ἔφλων
467 2002 552 2090 apud
569 2002 686 2069 Atticos
696 2023 754 2089 pro
771 2006 882 2086 ὀφλεῖν
900 2010 935 2069 et
951 2004 1055 2085 ὀφλών
1074 2001 1260 2088 legebatur:
1285 2001 1363 2074 binc

172 2106 322 2177 Graeculi
334 2115 512 2194 coeperunt
530 2107 617 2192 ὄφλοι
630 2133 707 2186 ,ειι,
723 2131 749 2173 ιι
772 2106 898 2186 dicere,
920 2116 953 2173 et
964 2108 1047 2174 docti
1057 2157 1066 2186 ,
1090 2107 1228 2175 sillusis
1241 2107 1364 2195 placet,

174 2211 379 2280 drammatici
401 2232 543 2279 errorem
567 2212 705 2279 alebant.
726 2214 956 2289 Ἀπολλωνίδης
976 2214 991 2278 i
1008 2214 1146 2287 Νικαεὺς
1169 2214 1201 2280 ἐν
1223 2214 1362 2290 becconi·

170 2344 254 2401 ματι·
269 2316 338 2401 crapl
360 2318 617 2401 παραπρεσβείας
639 2317 850 2397 Δημοσθένους
877 2318 972 2408 (lesio
992 2319 1134 2384 buuoruo
1155 2318 1193 2385 de
1210 2317 1251 2385 D.
1271 2319 1308 2385 V.
1331 2339 1361 2388 v.

169 2422 276 2513 ὄφλοι)
299 2423 483 2490 annulavit:
507 2421 599 2505 ὅφλει
625 2422 682 2502 μέν
708 2446 756 2495 τις
776 2422 827 2487 ἐπὶ
844 2422 998 2506 καταδίκῃ
1020 2424 1086 2488 uri.
1111 2422 1297 2507 ὀφλισκάνει
1314 2423 1362 2490 di·

166 2529 307 2599 cendum
319 2547 388 2595 esse
409 2546 511 2613 neque
533 2528 654 2613 cogitat
678 2526 794 2604 bomo,
816 2547 919 2612 neque
942 2525 1076 2592 lortasse
1093 2526 1224 2594 sciebat.
1260 2528 1360 2594 Venia

134 2680 139 2691 ·
169 2636 272 2723 igitur
291 2632 362 2700 dari
380 2630 604 2719 poterit'llroru
622 2632 860 2708 Cunnsosrono,
884 2633 938 2718 qui
961 2632 993 2696 in
1014 2630 1219 2699 orat'Xlle.
1244 2653 1273 2719 p.
1294 2637 1359 2699 353

165 2740 313 2826 ὄφλουσιν
336 2745 370 2805 et
396 2740 471 2804 556.
497 2736 614 2820 ὅφλεσι
639 2736 701 2803 sibi
727 2736 866 2803 credidit
889 2735 995 2803 dicere
1019 2735 1136 2815 licere,
1169 2736 1294 2803 sedita
1319 2757 1360 2804 ne

168 2862 325 2934 umquam
349 2841 407 2909 nos
424 2842 502 2921 ltro,
539 2862 642 2932 noque
676 2843 881 2909 bronnoruoes
903 2840 1098 2929 quidquam,
1119 2841 1205 2930 quod
1230 2840 1362 2910 aliunde

166 2972 230 3019 non
262 2951 305 3017 sit
328 2949 408 3015 satis
431 2955 577 3024 certum,
604 2949 664 3015 sibi
694 2948 825 3015 credere
849 2947 1021 3035 postulent.
1068 2949 1176 3015 lltiam
1200 2951 1256 3036 qui
1282 2947 1360 3015 baec

165 3056 248 3125 mibi
268 3054 391 3121 dabunt
413 3061 445 3120 et
474 3055 615 3141 turpiter
643 3075 662 3120 a
688 3055 813 3121 Graecis
836 3060 981 3119 erratum
1005 3073 1073 3120 esse
1095 3052 1288 3140 agnoscent,
1312 3072 1362 3120 re-

168 3160 355 3240 clamabunt
376 3159 404 3225 si
427 3158 660 3226 eiusdemmodi
681 3159 796 3225 vitium
821 3158 861 3224 ab
884 3160 1043 3225 dnscnrno
1066 3161 1276 3226 commissum
1290 3178 1361 3225 esse

165 3267 286 3335 dixero.
334 3265 375 3332 dt
398 3264 460 3350 ipsi
490 3264 629 3331 uiderint
647 3262 919 3350 quemadmodum
944 3262 1069 3348 poetam
1094 3265 1134 3331 ab
1159 3285 1197 3332 eo
1221 3263 1359 3332 crimine

164 3370 398 3443 defendantin
425 3368 617 3456 Cboepbon'o
638 3384 685 3433 vs.
699 3373 782 3435 680:
877 3390 879 3396 ’

390 3478 517 3557 ἐπείπερ
541 3473 670 3550 ἄλλοις,
693 3469 716 3541 ὦ
736 3472 811 3550 ξέν’,
835 3474 879 3545 εἰς
898 3473 1018 3552 Ἄργος
1044 3474 1132 3547 κίεις.
1152 3510 1155 3514 -

168 3585 246 3653 ἔκιοι
266 3584 354 3650 enim
378 3581 454 3647 olim
479 3582 512 3646 in
548 3599 611 3645 usu
635 3578 697 3646 luit
725 3586 757 3645 et
784 3573 875 3653 κιών,
902 3577 956 3642 ιιιό
981 3595 1039 3662 pro
1062 3576 1194 3659 ἔρχομαι
1221 3594 1282 3640 non
1308 3583 1358 3642 est

169 3689 312 3758 melioris
334 3695 427 3755 uotae
450 3705 548 3774 quam
567 3683 682 3780 ὄφλοι.-
700 3683 752 3750 Sio
773 3684 897 3771 igitur,
920 3688 960 3745 ut¹
977 3680 1106 3747 redeam
1130 3679 1215 3746 unde
1238 3679 1359 3766 digres-

168 3814 222 3862 sus
239 3813 332 3872 sum,
350 3792 453 3874 κοιίζο
472 3791 564 3857 nihili
578 3799 642 3866 est,
666 3796 787 3856 temero
808 3787 923 3854 lictum
945 3807 963 3853 e
982 3788 1104 3869 κοιίσρα
1124 3793 1157 3852 et
1177 3785 1358 3875 similibus,

168 3920 273 3989 neque
299 3898 378 3965 alios
414 3905 512 3964 testes
545 3895 641 3962 habet
674 3915 772 3983 quam
808 3893 918 3960 futiles
947 3891 1171 3958 Grammaticos
1201 3892 1359 3976 sequioris

167 4007 296 4073 aetatis:
321 4011 354 4070 at
384 4004 456 4069 istis
479 4001 604 4068 scribae
623 4001 845 4088 obtemperant
868 4008 901 4065 ot
926 4002 958 4065 in
979 3999 1100 4065 Housru
1121 3995 1285 4064 codicibus
1309 4022 1357 4064 νο·
1452 4013 1455 4018 ·

167 4111 318 4186 cloccum,
333 4107 488 4185 ἑαὸνισοε,
513 4106 647 4176 essetnec
660 4105 738 4189 noipn
759 4105 836 4170 hine
850 4105 1060 4171 inoleverunt.
1087 4103 1169 4168 Hinc
1181 4102 1209 4168 sl
1229 4097 1357 4189 quando

168 4214 356 4295 κεκονιμένος
380 4212 553 4300 apparebat
570 4211 779 4290 κεκονισμένσς
803 4211 874 4276 eius
903 4210 1008 4275 locum
1030 4207 1222 4294 occupavit,
1256 4215 1293 4273 ut
1322 4209 1354 4274 in

167 4323 385 4387 bmsrornnrus
409 4316 584 4384 Ecclesiae.
606 4319 681 4384 291.
706 4315 762 4398 ἤκμ
782 4314 989 4393 κεκονιμένος,
1013 4312 1068 4379 ubi
1090 4312 1274 4387 Rauennae,
1298 4314 1354 4400 qui

164 4446 256 4512 saepe
288 4420 567 4490 bonaslectiones
598 4427 706 4486 servat
726 4421 835 4495 solus,
855 4437 930 4484 curn
956 4417 1132 4484 deterrimo
1155 4437 1281 4504 quoque
1304 4444 1354 4484 ne-

163 4530 336 4610 xoorrulnoe
361 4527 486 4595 obtulit.
533 4525 630 4593 Plura
650 4522 773 4591 dabunt
799 4525 999 4590 burrunnu'us
1028 4532 1062 4589 et
1088 4542 1163 4589 cum
1187 4520 1354 4588 bunonem

166 4635 354 4711 Souroutos,
380 4632 464 4698 unde
496 4632 573 4699 baec
603 4629 818 4699 stabiliantur.
879 4626 969 4708 Quod
1000 4648 1018 4694 e
1049 4628 1181 4695 Pannona
1195 4677 1198 4681 >
1212 4625 1354 4693 afferunt

166 4742 339 4820 μέλλουσαι
364 4737 529 4806 αονιεῖσθαι
549 4737 674 4823 corrige
701 4736 867 4812 κονίεσθαι,
891 4731 976 4822 quod
1000 4731 1116 4800 mellus
1143 4730 1355 4803 inomniecinr-

186 4869 187 4872 =
1119 4844 1145 4884 ιο
