3309 5750
897 638 962 704 388

249 911 253 915 ,
330 854 395 925 qus
414 855 448 899 re
468 850 595 922 gravem
615 850 755 894 errorem
781 828 940 895 commisit
961 829 1229 897 llsxrocstxros
1255 854 1286 897 r.
1313 830 1438 912 λόγου
1460 859 1509 902 τυ·

328 947 433 1020 χεῖνε
456 938 528 1003 ἀντὶ
554 940 608 1001 τοῦ
632 936 800 1000 ἐπαίνου.
825 937 1024 1015 Δημοσθένης
1048 938 1084 1020 εὐ,
1099 938 1143 1019 τῷ
1166 937 1245 1018 ὑπὲρ
1274 944 1506 1023 Κτησιφῶντος.

329 1041 721 1131 Locuslegitnrp.229,
743 1041 794 1105 13.
817 1042 851 1106 οὐ
875 1040 938 1120 γὰρ
963 1040 1167 1121 ἀφαιρεῖσθαι
1191 1041 1308 1105 δεῖτὸ
1339 1048 1507 1125 προσελθεῖν

328 1149 483 1230 τῷδήμῳ
513 1147 567 1211 κν)
593 1146 713 1225 λόγου
741 1151 897 1225 τυχεῖν,
931 1166 1015 1235 quae
1042 1143 1140 1210 rerba
1169 1143 1426 1217 Grammaticus
1455 1175 1507 1217 non

328 1252 504 1331 intellexit,
535 1250 624 1341 quod
654 1261 764 1315 coest
789 1250 929 1339 turpius,
959 1247 1035 1339 quia
1050 1262 1128 1315 tam
1152 1272 1249 1341 saepe
1272 1251 1383 1331 λόγου
1410 1265 1507 1337 τυχεῖν

327 1357 446 1447 legitur
475 1355 560 1448 apud
592 1353 740 1422 Oratores
768 1366 801 1420 et
829 1353 1018 1431 llistoricos.
1065 1354 1136 1421 lloc
1165 1356 1276 1446 ipsum
1307 1356 1507 1428 Pnursucttt

315 1463 526 1531 <reddendum
555 1462 658 1527 estin
689 1462 858 1530 Marcello
884 1464 955 1552 cap.
971 1465 1032 1527 23.
1059 1467 1125 1526 τῶν
1144 1462 1356 1543 Συρακοσίων
1385 1490 1507 1548 τρυττε·

327 1570 440 1637 clerus
465 1569 518 1635 κυνὶ
544 1568 691 1647 δεομένων
714 1566 842 1646 λόγων
868 1576 980 1649 τυχεῖν
1005 1560 1058 1632 νυνὶ
1087 1566 1188 1645 δίκης,
1224 1566 1287 1632 ubi
1320 1592 1401 1637 rera
1428 1572 1507 1639 lectio

327 1688 375 1742 est
397 1674 516 1754 λόγου
539 1680 662 1753 τυχεῖν.
815 1745 818 1750 ,
1101 1667 1105 1674 ’
1366 1749 1369 1755 ,

374 1779 613 1871 repugare.
661 1775 825 1867 Scriptura
859 1782 1058 1857 HKPOACO
1089 1775 1357 1846 Grammaticum
1388 1782 1505 1852 doctuu

327 1885 426 1975 magis
455 1907 555 1975 quam
582 1893 713 1948 acutum
733 1882 887 1947 fefellisse
907 1881 1050 1961 ridetur,
1079 1893 1115 1947 ut
1134 1885 1269 1962 ἠκροᾶτο
1297 1898 1373 1954 esse
1393 1900 1504 1979 putaret

327 1989 415 2081 quod
436 1988 565 2069 ἠκρόατο
592 1997 689 2065 essct,
714 1998 744 2052 et
765 1985 842 2052 hinc
864 1987 1048 2078 aequalium
1070 1987 1155 2054 vitiis
1174 1992 1340 2057 sermonis
1362 1995 1502 2076 ἄκρυυῖτυ

316 2118 386 2187 vpro
416 2096 513 2177 νῖκρυᾷ
538 2101 570 2157 et
598 2095 726 2172 ἦκρυυῖτυ
748 2113 807 2181 pro
829 2095 923 2172 ἧκροῶ
949 2093 1097 2183 opinatus
1115 2104 1164 2160 est
1184 2115 1218 2158 se
1237 2095 1414 2165 iuvenisse
1433 2111 1502 2166 rete·

327 2222 395 2267 rem
422 2208 585 2264 auctorem
612 2217 649 2261 ac
675 2207 797 2263 testem.
844 2198 1008 2264 Praeclara
1027 2221 1077 2266 res
1096 2210 1128 2265 ct
1149 2200 1321 2290 egregium
1348 2204 1501 2271 Gramma·

327 2306 409 2372 ticae
438 2304 514 2370 artis
541 2301 735 2395 praesidium
764 2314 811 2370 est
838 2314 1028 2369 accentuum
1057 2303 1214 2370 rationem
1235 2307 1348 2395 probe
1371 2333 1463 2378 nosse
1478 2320 1501 2375 et

327 2412 448 2503 ubique
472 2410 651 2501 expeditam
678 2420 711 2474 et
735 2421 878 2499 paratam
899 2408 1028 2475 habere.
1076 2408 1269 2501 Complures
1290 2428 1372 2483 sunt
1395 2429 1501 2484 nostrs-

327 2520 423 2597 tium,
448 2518 505 2607 qui
524 2516 632 2582 neseio
653 2514 816 2604 quomodo
838 2515 1049 2580 certissimum
1069 2514 1132 2581 hoc
1150 2515 1355 2587 Litterarum
1379 2522 1500 2589 Graeca·

326 2647 399 2690 rum
419 2622 595 2689 subsidium
615 2619 728 2686 volunt
747 2631 952 2685 contemnere
972 2620 1089 2699 rideri,
1106 2631 1139 2687 et
1158 2621 1199 2686 de
1216 2626 1417 2695 accentibus
1437 2651 1500 2695 con·

327 2729 507 2798 temnendis
527 2727 630 2795 veluti
650 2724 690 2790 de
709 2737 876 2791 contemtu
892 2724 1075 2792 divitiarum
1094 2727 1215 2793 urbane
1235 2741 1269 2794 et
1290 2735 1438 2801 suaviter
1452 2756 1499 2800 nu·

326 2848 451 2929 gantur.
500 2831 623 2912 Credo,
647 2831 819 2898 difficultas
838 2844 870 2899 et
887 2832 981 2898 labor
1000 2831 1145 2900 discendi
1164 2832 1323 2903 disertam
1345 2842 1499 2932 negligen-

327 2943 405 3007 tiam
420 2941 505 3004 facit.
537 2937 663 3002 Malunt
684 2936 770 3001 euim
789 2936 941 3003 disserere
960 2938 1043 3003 nihil
1062 2962 1129 3006 esse
1150 2939 1183 3004 in
1203 2944 1403 3013 accentibus
1422 2946 1498 3022 boni,

326 3068 424 3136 quam
445 3043 523 3134 quid
545 3043 584 3107 sit
604 3040 734 3108 discere.
781 3041 886 3109 Nemo
908 3066 1061 3135 umquam
1082 3046 1201 3136 poterit
1221 3045 1286 3114 hoe
1306 3051 1499 3120 adminiculo

325 3151 496 3216 destitutus
525 3146 744 3213 inexhaustam
773 3147 902 3238 liuguae
933 3149 1072 3218 Graecae
1101 3153 1228 3241 copiam
1257 3167 1292 3221 et
1317 3160 1498 3226 varietatem

323 3257 432 3324 animo
453 3266 485 3322 et
506 3266 613 3321 mente
634 3253 679 3319 sie
698 3254 886 3344 complecti,
916 3268 951 3321 ut
975 3280 1039 3323 non
1062 3257 1165 3323 multa
1185 3260 1385 3348 permisceat
1413 3276 1445 3331 et
1463 3264 1499 3329 ri·

325 3365 433 3449 dicule
463 3360 656 3440 confundat,
690 3383 772 3451 quae
801 3362 923 3442 forma,
955 3386 1068 3444 sensu,
1092 3385 1169 3441 usu,
1193 3376 1300 3432 aetate
1319 3381 1382 3434 ant
1408 3369 1499 3460 patria

325 3472 402 3537 olim
424 3471 543 3536 fuerint
563 3468 734 3559 diligenter
753 3467 898 3537 diremta.
946 3470 1084 3535 Vaeillat
1109 3471 1263 3536 memoria
1284 3472 1319 3537 in
1339 3497 1381 3540 ea
1405 3477 1499 3542 incre·

325 3578 420 3644 dibili
439 3580 613 3644 formarum
635 3577 743 3667 eopia,
766 3577 800 3641 iu
823 3577 1004 3668 analogiae,
1022 3576 1245 3657 derivat-ionis,
1260 3580 1499 3670 compositionis

325 3685 447 3751 ratione
467 3696 499 3749 et
519 3706 577 3748 usu
598 3681 812 3761 observando,
832 3681 1048 3772 disponendo,
1070 3681 1225 3758 tenaciter
1242 3685 1434 3766 retinendo,
1452 3685 1500 3751 nbi

324 3790 383 3858 hos
403 3803 507 3856 certos
526 3789 648 3855 indices
665 3787 779 3853 horum
798 3788 1018 3854 discriminum
1039 3788 1209 3852 oscitanter
1227 3799 1261 3853 et
1275 3790 1379 3858 stulte
1395 3793 1499 3884 negle-

324 3897 412 3963 xeris.
460 3895 563 3961 Nemo
582 3916 742 3983 ,umquam
762 3896 882 3983 poterit
904 3894 1100 3982 syllabarum
1122 3893 1267 3960 omnium
1288 3901 1498 3986 quantitatem

315 4002 356 4065 -in
377 4010 508 4090 promtu
527 3999 660 4075 habere,
678 3998 738 4061 nisi
755 3999 811 4086 qui
831 4011 1013 4065 constanter
1029 3999 1062 4063 in
1084 3999 1216 4088 singulis
1234 3999 1296 4072 τὰς
1311 4005 1497 4086 προσῳδίας,

307 4116 360 4169 ut
378 4115 510 4170 vveteres
534 4101 652 4168 vGraeci
678 4111 835 4167 occentus
865 4105 1050 4193 appellant,
1081 4104 1177 4194 longo
1207 4126 1267 4169 usu
1300 4108 1499 4196 cognoverit,

324 4197 407 4301 quae
434 4209 590 4273 continuo
615 4208 789 4274 subiiciunt
812 4208 914 4274 oculis
940 4209 975 4274 id
1002 4210 1089 4301 quod
1110 4209 1266 4301 paulatim
1295 4213 1498 4279 tenaeimc-

322 4315 424 4382 'moria
454 4314 606 4381 debemus
634 4314 791 4407 philologi
818 4315 953 4381 tirmiter
981 4316 1014 4381 in
1048 4315 1196 4382 omnibus
1226 4326 1348 4384 tenere.
1402 4318 1498 4402 Quam

226 4407 231 4417 ⁵
307 4421 535 4490 'necessarium
556 4421 596 4486 sit
615 4421 648 4486 in
665 4444 699 4487 re
720 4422 934 4488 Grammatica
952 4435 984 4488 et
1002 4419 1119 4488 Oritiea
1141 4420 1284 4487 omnium
1304 4422 1498 4510 syllabarum

308 4543 504 4599 ¹mensuram
531 4527 624 4604 scire,
654 4539 686 4592 et
708 4550 774 4593 non
796 4528 889 4593 aliter
908 4528 1004 4617 quam
1026 4529 1071 4592 sie
1092 4527 1167 4591 artis
1189 4526 1343 4593 Metricae
1362 4529 1498 4595 faculta-

324 4645 389 4701 tem
410 4633 546 4699 nesciet
565 4631 667 4698 excoli
682 4656 790 4724 posse,
807 4646 839 4699 et
857 4634 1015 4700 caecutire
1032 4631 1148 4725 passim
1166 4645 1199 4698 et
1215 4633 1354 4723 turpiter
1365 4657 1400 4700 se
1412 4635 1498 4712 darc,

323 4738 461 4830 quihae
480 4736 633 4808 facultate
653 4745 781 4805 careant
802 4761 1030 4830 supervacuum
1052 4749 1100 4804 est
1122 4734 1364 4810 demonstrare·
1386 4740 1497 4831 ltaque
