3309 5750
770 765 790 834 b

194 942 227 1009 in
240 944 340 1010 veteri
354 944 514 1029 scriptura
527 941 574 1006 nil
586 938 740 1006 differunt
753 990 762 1017 ,
783 948 820 1005 nt
833 940 1005 1029 Haeremus
1018 940 1049 1005 in
1061 939 1206 1007 ordinem
1221 939 1379 1026 receperit

193 1050 319 1123 ἕνιηιιᾶν
332 1069 389 1135 pro
401 1050 537 1123 ἐνικλᾶν,
553 1048 632 1129 ἥριιε
642 1065 700 1131 pro
711 1054 802 1128 κρῖνε,
815 1053 847 1112 et
859 1052 1010 1110 sexcenta
1023 1043 1253 1111 eiusdemmodi
1265 1052 1297 1122 et
1311 1045 1379 1130 ipse

192 1160 226 1217 et
247 1155 347 1219 ceteri
371 1152 597 1239 peccaverint,
630 1147 748 1235 arripit
771 1148 969 1216 confidenter
991 1148 1180 1215 vocabulum
1203 1146 1379 1234 quodlibet.

192 1260 265 1336 atu
291 1263 364 1347 quin
395 1261 494 1328 scribi
518 1260 638 1326 solebat
670 1245 722 1330 ᾗ)
755 1279 996 1345 nonnumquam
1022 1260 1054 1323 in
1080 1255 1116 1333 ὗς
1146 1259 1246 1336 abiit,
1280 1256 1381 1326 semel

189 1363 259 1431 vidi
281 1388 352 1433 suec
382 1368 417 1432 in
438 1365 667 1452 filiosfomr'lios
691 1384 860 1432 conversos
894 1363 978 1450 apud
1009 1364 1158 1429 Anonnon.
1183 1362 1253 1429 Lex
1285 1362 1378 1429 Hom.

191 1489 222 1556 p.
251 1475 325 1536 132.
353 1492 383 1536 r.
420 1471 627 1553 deuuroplper.
674 1470 767 1558 Apud
802 1468 925 1536 errnn
956 1470 1128 1535 Ennomon
1158 1467 1230 1535 ode.
1270 1467 1379 1532 Grona-

193 1584 270 1639 mol.
295 1574 378 1639 Vlll.
402 1585 432 1665 §⁴
452 1580 503 1639 59.
529 1574 595 1641 vidi
610 1575 757 1643 librarios
778 1595 836 1662 pro
857 1576 907 1658 ῥίῳ
934 1577 1058 1652 ὑλήεντι
1082 1576 1209 1654 ὑψηλῶν
1232 1571 1318 1655 ὀρέων
1342 1592 1382 1638 ex

194 1683 543 1754 ΤΨΗΛΩΝΟΡΕΩΝ
567 1679 727 1747 effinxisse
748 1682 858 1763 ὑψηλῷ
877 1679 979 1763 nepae
999 1688 1030 1745 et
1056 1680 1100 1745 ita
1123 1676 1279 1744 edebatur
1306 1686 1382 1743 ante

196 1785 370 1850 annrmun.
418 1783 540 1850 Addam
575 1806 674 1851 unum
697 1786 880 1873 exemplum
905 1783 1103 1851 incredibilis
1134 1783 1382 1868 incogitantiae,

193 1907 276 1974 quae
299 1888 386 1954 viros
406 1887 516 1954 doctos
539 1890 724 1958 ioculariter
748 1889 871 1958 lelcllit.
919 1891 1033 1956 Exstat
1058 1888 1204 1955 Scholion
1223 1889 1381 1955 eximium

184 1991 235 2059 au
267 1991 376 2079 Odyss.
407 2016 440 2070 γ.
467 2000 506 2060 71
533 2016 572 2060 ex
595 1997 778 2063 Anrsrnaem
808 1995 1051 2061 commentariis
1075 1993 1237 2072 αὐτολεξεὶ
1262 1993 1381 2061 deseri·

183 2105 306 2185 plum:
331 2134 375 2148 -
395 2098 493 2165 δοτέον
517 2101 549 2166 δὲ
572 2104 615 2185 τῷ
639 2111 751 2184 ποιητῇ
774 2101 984 2167 τὰτοιαῦτα.
1010 2099 1062 2165 uei
1087 2099 1151 2182 γὰρ
1187 2104 1252 2167 νῦν
1272 2098 1381 2187 (scrib.

185 2200 257 2271 roto.
279 2202 393 2268 inserit
416 2204 629 2294 Burrumnos)
655 2207 749 2274 edric
772 2203 1057 2288 vendendaeve,

363 2307 451 2373 ἀλλά
474 2333 525 2388 μοι
549 2310 614 2393 εἴφ’
634 2308 693 2387 ὅπη
718 2310 814 2393 ἔσχες
837 2312 887 2377 too
910 2310 1040 2392 εὐεργέα
1060 2319 1130 2387 νῆα.

193 2414 247 2480 uel
274 2412 409 2487 συνίησιν
426 2415 595 2489 Ἑλληνίδα
614 2418 718 2499 φωνήν
736 2454 781 2466 -
803 2417 1010 2481 Amsrnncnus
1027 2417 1200 2502 scripserat
1224 2434 1285 2480 non
1310 2418 1382 2489 νῦν,

195 2520 330 2605 opinor,
351 2516 454 2583 multo
478 2518 593 2603 minus
609 2519 677 2598 οὖν,
702 2521 759 2587 sed
778 2527 884 2587 sebe.
932 2521 1069 2586 istorum
1089 2519 1189 2604 igitur
1202 2516 1384 2583 scribarum

195 2624 327 2690 inscitia
349 2623 521 2688 coniuncta
546 2643 621 2689 cum
645 2624 857 2712 incogitantia
876 2634 909 2689 et
930 2622 1096 2701 socordia,
1119 2621 1246 2708 qualem
1280 2630 1385 2687 osten·

194 2730 325 2806 dimus,
360 2737 527 2813 grassatur
558 2749 615 2815 per
639 2751 749 2797 omnes
781 2730 919 2816 scriptos
950 2727 1049 2794 libros
1077 2728 1193 2794 aetatis
1212 2723 1386 2792 cuiuslibet

195 2844 228 2903 et
260 2854 317 2924 pro
339 2832 474 2901 diversis
506 2835 705 2922 temporibus
734 2835 924 2921 diversoque
954 2852 1042 2902 more
1069 2831 1231 2900 scribendi
1259 2829 1387 2899 diversa

182 2960 315 3028 genera
339 2938 423 3006 ludit
444 2960 611 3016 errorum,
644 2942 676 3006 in
701 2937 940 3027 quibusquam
966 2941 1008 3006 sit
1028 2937 1186 3027 quaedam
1207 2936 1388 3005 constantia

193 3055 227 3115 et
249 3045 350 3111 veluti
385 3065 518 3120 norma,
554 3047 702 3132 seqnitur
731 3055 766 3112 ut
802 3045 950 3112 medendi
983 3064 1110 3132 quoque
1136 3052 1169 3109 et
1191 3042 1385 3110 emendandi

194 3148 351 3238 quaedam
380 3169 450 3216 esse
470 3150 582 3217 debeat
606 3152 769 3238 analogia,
804 3158 1000 3238 quapropter
1023 3169 1151 3216 omnem
1176 3148 1259 3216 banc
1278 3147 1386 3234 dispu-

185 3256 350 3323 tationem
374 3255 511 3340 ingressi
534 3275 659 3323 sumus.
708 3257 743 3323 ln
766 3277 804 3322 ea
825 3277 861 3322 re
881 3254 940 3320 lroc
964 3255 1106 3340 primum
1130 3254 1386 3320 animadverten-

183 3360 273 3429 -dum
287 3367 336 3426 est
361 3359 540 3425 scribarum
561 3380 707 3437 errores,
731 3381 795 3446 quo
812 3361 878 3425 sint
894 3361 1113 3445 antiquiores,
1137 3379 1173 3425 eo
1190 3358 1386 3444 simpliciore

196 3478 229 3535 et
249 3466 386 3533 certiore
403 3463 563 3530 medicina
587 3483 678 3550 posse
703 3462 780 3531 tolli.
803 3464 951 3529 Nondum
972 3472 1140 3549 grassatur
1160 3463 1332 3530 temeraria
1355 3471 1389 3528 et

195 3569 367 3659 impudens
385 3569 609 3654 interpolatio,
634 3566 775 3634 nondum
798 3567 881 3633 male
904 3566 1007 3632 seduli
1038 3573 1235 3632 correctores
1257 3585 1315 3630 suo
1339 3585 1389 3630 ar·

194 3679 319 3745 bitratu
340 3674 425 3761 qnod
454 3693 515 3739 non
548 3674 627 3739 satis
655 3674 787 3760 capiunt
811 3670 945 3738 delendo
968 3679 1025 3737 aut
1055 3669 1200 3737 addendo
1225 3669 1389 3755 relinqunt

196 3792 229 3850 et
257 3782 408 3866 antiquae
430 3780 610 3866 scripturae
632 3780 767 3865 vestigia
791 3779 899 3845 omnia
919 3776 1124 3843 conturbant.
1159 3775 1388 3863 litteraeque·

182 3890 305 3954 -drctue
317 3887 384 3952 sive
405 3884 564 3962 unciales,
584 3893 620 3951 ut
639 3904 725 3951 nunc
749 3884 938 3973 pervulgato
958 3904 1020 3952 usu
1039 3882 1285 3971 appellantur-1,
1313 3901 1387 3948 ocu·

214 4086 438 4101 m

237 4193 261 4262 Ξ)
281 4201 398 4250 Litterae
421 4202 538 4250 unciales
557 4202 625 4268 apud
646 4204 804 4269 antiquiores
832 4188 1003 4253 unctantem
1028 4204 1103 4262 loeo,
1129 4202 1198 4267 quod
1222 4200 1318 4259 sciam,
1344 4216 1388 4249 no·

196 4283 328 4331 minantur
355 4282 487 4330 limacum
516 4283 543 4330 in
565 4283 669 4332 Praesat.
700 4284 732 4332 ad
762 4283 855 4332 librum
878 4283 935 4332 lobi
954 4285 1114 4344 effoderet,
1142 4281 1246 4347 inquit,
1273 4281 1319 4346 qui
1348 4294 1389 4328 vo-

201 4363 273 4423 lunt,
304 4368 400 4409 ueteres
425 4361 504 4410 libros
527 4361 569 4409 uel
593 4364 625 4410 in
647 4364 801 4412 membranis
821 4365 963 4427 purpureis
991 4380 1055 4412 auro
1075 4369 1227 4428 argentoque
1248 4361 1389 4424 descriptos

199 4443 241 4490 cel
256 4441 419 4502 uncialibus,
443 4447 474 4488 ut
501 4441 578 4507 vulgo
599 4442 692 4500 aiunt,
724 4444 822 4492 litteris
846 4456 921 4490 orooro
941 4445 1027 4510 mogr‘s
1046 4449 1155 4492 encrate
1177 4457 1251 4506 qucum
1275 4439 1389 4499 codices,

200 4521 328 4569 dummodo
352 4521 420 4568 miti
451 4523 562 4585 meisque
584 4523 741 4584 permitteret
765 4537 892 4588 pauperes
919 4524 1009 4571 babere
1042 4522 1176 4571 schedulas
1210 4527 1236 4568 et
1261 4535 1310 4567 non
1336 4525 1389 4565 tarn

197 4602 319 4666 pulchros
344 4599 442 4649 codices
470 4617 543 4665 quam
570 4601 731 4664 sansadoles,
761 4618 838 4667 quem
868 4602 951 4651 locum
981 4603 1026 4666 qni
1056 4603 1118 4650 mihi
1147 4600 1267 4650 indicavit
1293 4600 1389 4646 Ecum

204 4688 271 4731 reete
299 4681 406 4746 explieat
432 4680 529 4729 litteras
556 4681 686 4745 unciales,
714 4682 778 4747 quod
801 4683 922 4731 baberent
945 4685 1037 4732 undae
1060 4698 1106 4731 seu
1128 4681 1236 4746 pollicis
1262 4678 1394 4743 eremite-

203 4759 299 4825 utinm,
320 4762 347 4809 in
368 4761 456 4810 Doctr.
477 4761 580 4812 Nurum.
602 4762 631 4811 V.
649 4777 674 4827 p.
698 4764 724 4812 4.
