3309 5750
726 640 788 703 331

212 834 251 900 in
282 834 393 901 futuro
426 834 567 901 diversae
594 834 717 900 formae
745 845 838 899 sunt:
860 834 969 908 τύπτω
995 832 1139 922 (πληγὰς
1162 835 1338 914 gonessa,

165 942 277 1029 caedo)
305 939 402 1005 habet
422 939 566 1006 futurum
585 942 749 1017 τυπτήσω,
776 939 1016 1005 contrariare
1044 938 1184 1024 (πληγήν
1208 940 1335 1021 δίδωμι,

156 1047 268 1133 ferio)
288 1046 432 1111 futurum
452 1046 549 1112 habet
570 1044 715 1123 πατήξω.
763 1046 831 1113 Ubi
852 1045 968 1111 aoristo
990 1067 1069 1134 opus
1090 1056 1138 1109 est
1155 1069 1215 1136 pro
1235 1044 1343 1111 cecidi

167 1151 279 1216 dicunt
299 1153 428 1230 πληγὰς
449 1154 616 1231 ἐνέβαλον,
636 1152 791 1229 ἕνέτεινα,
810 1152 976 1232 ἐνέτριψα,
993 1150 1151 1216 rarissime
1175 1149 1341 1227 ἐπάταξαν

168 1279 411 1346 nonnumquam
440 1255 559 1321 ἔπαισα
589 1255 727 1321 occurrit
752 1257 785 1321 in
811 1256 979 1347 grandiore
1003 1257 1132 1323 dicendi
1150 1277 1266 1347 genere
1286 1265 1342 1318 aut

167 1360 253 1451 apud
277 1361 546 1437 Xnnounonrmr,
565 1360 621 1449 qui
640 1359 673 1425 in
694 1359 748 1425 his
762 1383 893 1451 quoque
913 1360 1056 1427 ionicam
1076 1359 1342 1429 consuetudinem

164 1465 349 1555 imprudens
385 1465 544 1554 sequitur:
580 1477 611 1530 at
644 1488 820 1555 numquam
851 1466 1020 1558 quisquam
1050 1467 1130 1533 dixit
1157 1468 1340 1541 ε’τιήπτητα,

167 1571 255 1661 quod
287 1572 321 1635 in
352 1570 444 1634 nullo
475 1570 571 1635 veteri
601 1583 632 1670 et
657 1572 793 1661 probato
814 1575 969 1664 scriptore
988 1574 1125 1665 legitur,
1148 1574 1203 1639 sed
1225 1571 1338 1637 crebro

170 1676 308 1741 occurrit
338 1674 423 1764 apud
455 1675 687 1742 semibarbaros
719 1676 892 1744 Graeculos
919 1691 1077 1744 extremae
1108 1678 1238 1743 aetatis..
1279 1675 1341 1740 Pro

156 1785 267 1870 ferni,
282 1784 423 1872 plagam
443 1782 563 1861 intuli,
583 1784 703 1847 vulnus
723 1786 758 1847 ιἰι
787 1787 841 1847 ns·
857 1782 998 1870 (πληγήν
1018 1783 1201 1868 ἐνέβαλον),
1222 1781 1341 1845 dicitur
1384 1869 1386 1872 Ι

165 1887 331 1963 ἐπαταξα,
357 1886 517 1951 interdum
538 1885 657 1951 ἔπαισα
675 1886 729 1952 sed
752 1911 815 1952 non
839 1889 873 1952 in
895 1886 1074 1977 quotidiani
1094 1886 1247 1952 sermonis
1266 1907 1339 1951 usu:

165 2001 334 2082 poetarum
363 2005 410 2057 est
442 1992 485 2056 ita
515 1990 641 2070 dicere,
665 2005 701 2057 ut
722 1993 769 2057 in:
790 2002 928 2065 Παῖτον,
953 1994 978 2057 εἰ
1002 1992 1132 2069 σθένεις,
1156 1993 1286 2066 διπλῆν,
1310 2004 1342 2055 et

167 2120 295 2177 eorum,
315 2099 371 2187 qui
389 2098 605 2187 splendidiora
626 2099 782 2164 uocabula
804 2110 970 2164 venantur.
1004 2097 1185 2163 Perfectum
1205 2098 1238 2161 in
1256 2109 1344 2162 utra-

166 2225 229 2291 que
251 2203 484 2291 significatione
506 2213 553 2266 est
575 2202 751 2281 πέπληγα,
773 2203 861 2292 quod
884 2226 948 2267 non
967 2202 1010 2266 ita
1026 2201 1212 2292 frequenter
1226 2203 1344 2292 legitur

167 2319 201 2371 et
220 2307 365 2371 usitatius
376 2305 434 2372 'est
455 2307 585 2384 πληγὰς
608 2307 770 2373 δεδωκέναι
792 2331 853 2399 pro
869 2309 1045 2404 *cecinissem
1063 2310 1252 2373 verbem'lms
1270 2331 1346 2373 con·

167 2412 317 2491 cudisse3
349 2411 448 2477 habet
483 2423 590 2475 tamen
626 2422 747 2476 oertam
779 2414 1004 2478 auctoritatem
1040 2412 1285 2480 Anisrornanrs
1313 2413 1346 2477 in

162 2518 287 2583 Avibus
313 2521 410 2585 1350.

391 2621 429 2695 ὃς,
448 2621 486 2687 ἂν
511 2623 664 2703 πεπλήγη
686 2622 738 2687 τὸν
763 2621 888 2702 πατέρα
911 2621 1033 2693 νεοττὸς
1058 2620 1107 2685 ὤν.

167 2740 199 2793 et
221 2727 456 2793 Xsnornonrrs
477 2727 510 2791 in
534 2726 641 2793 Απαό,
663 2724 718 2791 VI.
741 2746 763 2793 1.
784 2734 804 2793 5
826 2727 840 2790 l
862 2724 964 2806 ἕτεραι
989 2726 1042 2790 τὸν
1066 2723 1166 2804 ἕτερον
1190 2725 1276 2792 παίει
1306 2730 1345 2799 ως

166 2834 264 2897 πᾶσιν
295 2832 390 2898 ἐδόκει
420 2832 620 2911 πεπληγέναι
651 2831 702 2897 τὸν
729 2831 845 2914 ἄνδρα,
879 2829 968 2924 quod
998 2853 1062 2896 nou
1093 2841 1140 2896 est
1170 2831 1220 2917 (ut
1248 2830 1344 2898 multi

166 2937 360 3026 existimant)
391 2961 449 3028 pro
478 2938 665 3018 πεπλῆχθαι
699 2939 858 3030 positum:
892 2940 945 3005 τὸν
972 2935 1069 3018 ἄνδρα
1095 2935 1257 3004 obiectum
1278 2949 1343 3004 est:

165 3042 241 3117 καὶ,
257 3046 312 3124 ‚cic-
329 3047 426 3109 πῖιτιν
451 3041 563 3127 ἐδόκει,
586 3041 638 3107 τὸν
662 3038 760 3123 ἄνδρα
783 3044 973 3120 ε’πεπλήγει.

209 3147 247 3212 Ιιι
269 3151 400 3240 passivis
420 3151 582 3226 τύπτομαι
606 3159 639 3213 et
657 3148 794 3227 παίνμαι
817 3149 962 3214 omnium
983 3167 1041 3212 usu
1065 3158 1219 3214 teruntur.
1266 3149 1343 3216 Per-

163 3255 285 3320 fectum
311 3281 371 3347 pro
397 3257 578 3346 vapulasse
597 3276 661 3318 non
682 3255 781 3318 estin
803 3277 879 3320 usu:
906 3252 1055 3346 dicebant
1076 3276 1186 3318 omnes
1206 3255 1340 3332 πληγας

163 3361 326 3442 εἰληφέναι
347 3373 379 3427 ot
397 3359 511 3426 eodem
531 3356 629 3422 modo
647 3357 779 3435 πληγὰς
800 3357 935 3436 ἔλαβον,
959 3377 1018 3446 pro
1039 3357 1156 3446 quihus
1178 3357 1340 3447 sequiores

164 3465 313 3532 Graeculi
330 3466 533 3542 τετύπτημαι
551 3462 701 3527 dicebant
717 3473 749 3527 et
767 3463 959 3538 ἐτιιπτήήην,
982 3462 1100 3551 quibus
1119 3462 1230 3527 formis
1250 3457 1340 3528 rete'·

164 3594 213 3637 res
244 3595 354 3637 omnes
381 3570 551 3635 abstinent.
598 3565 710 3633 Sicubi
730 3566 839 3632 iuturo
862 3589 942 3657 opus
963 3578 1010 3632 est
1033 3567 1165 3644 πληγὰς
1192 3569 1338 3647 λήψομαι

162 3679 400 3744 usitatissimum
422 3687 484 3755 est,
508 3673 594 3764 apud
617 3674 878 3741 asrssosssssn
897 3675 1098 3751 τυπτήσομαι
1120 3672 1220 3738 semel
1237 3695 1360 3762 apps·.

160 3795 220 3850 ret.
252 3784 426 3863 Τύπτομαι
447 3785 594 3872 (sertor,
609 3778 779 3869 vulneror)
801 3778 898 3845 hebet
919 3779 1098 3870 perlectum
1119 3779 1334 3858 πέπληγμαι,

161 3911 402 3979 nonnumquam
422 3889 549 3967 πληγήν
565 3886 686 3968 εἴληφα
706 3896 739 3950 et
757 3885 885 3963 πληγήν
905 3884 982 3965 ἔχω.
1020 3881 1166 3948 Perfecto
1186 3884 1358 3962 πέπληγ-.

158 4018 218 4074 μαι
250 3994 395 4058 futurum
427 4004 473 4058 est
501 4014 538 4056 ex
563 4013 596 4056 so
624 4001 733 4055 natum
766 3990 983 4069 πεπλήξομαι.
1033 3989 1151 4054 Aoristi
1175 4001 1332 4079 perpetua

158 4099 263 4165 forma
288 4108 335 4164 cst
357 4098 500 4175 ἐπλήγην
524 4108 557 4162 et
581 4096 680 4161 futuri
704 4094 926 4173 πληγήτομαι.
1268 4083 1275 4097 ’

206 4205 274 4270 llae
295 4201 407 4296 'igitur
439 4214 513 4268 sunt
549 4201 634 4268 solae
669 4202 810 4278 formae,
843 4199 962 4289 quibus
992 4212 1113 4266 veteres
1142 4210 1174 4264 et
1206 4199 1334 4289 probati

158 4311 328 4402 scriptores
352 4321 500 4377 utuntur:

204 4419 333 4492 τύπτω,
358 4416 458 4495 παίω,
484 4411 615 4491 πληγὰς
640 4410 814 4491 ἐμβήλλω,
841 4409 981 4483 ε’ντείνω,
1006 4409 1155 4491 ἕντρήβω,
1182 4411 1301 4488 διῒωμι.

201 4522 362 4596 τυπτήσω.

172 4675 174 4680 r
203 4624 333 4702 πληγὰς
358 4621 507 4700 ἐνέβαλεν
533 4620 691 4710 (ἔπαισα).

159 4769 162 4776 -
204 4727 335 4808 πληγὰς
358 4725 492 4805 δέδωκα,
513 4726 683 4804 ’πέπληγα
744 4773 748 4780 -
