3309 5750
759 644 801 704 69

189 821 271 909 apud
303 829 428 888 veteres
459 837 610 907 praesens
636 817 687 884 vei
718 816 867 884 futurum
892 815 1007 884 babet:
1039 817 1156 884 roristc
1179 818 1245 886 iere
1273 821 1371 888 absti-

189 935 276 993 nent.

231 1034 334 1119 Epist.
356 1037 409 1098 60.
439 1039 497 1098 τῶν
524 1033 625 1097 ἐκεῖσε
658 1028 833 1095 revector:
858 1047 916 1113 pro
938 1029 1012 1093 ἐκεῖ.
1036 1065 1081 1078 -
1103 1030 1245 1112 εύφνεῖςε
1278 1032 1374 1100 Attici

188 1147 313 1203 veteres
332 1141 464 1221 εύφνοῖς.
477 1135 603 1218 -τερῖ
625 1137 660 1200 τὸ
681 1133 822 1216 Κρύνειον
835 1133 1046 1212 εἰλουμένονςε
1070 1131 1272 1202 Athenienses
1282 1139 1368 1203 οὶλιν-

188 1244 346 1323 δονριένονς
372 1243 529 1308 dixissent
553 1240 603 1306 vel
628 1241 795 1313 ύνιύοντοις.
842 1235 952 1304 Obiter
974 1237 1034 1303 boc
1062 1238 1239 1305 Puursneuo
1263 1241 1374 1308 redde·

190 1369 262 1414 mus
282 1350 475 1435 Spmpcsicc.
496 1346 549 1412 IV.
569 1352 600 1410 (ν.
628 1351 657 1411 b.
682 1345 754 1417 τοὺς
779 1344 845 1426 τερ)
865 1345 921 1419 τὴν
939 1343 1152 1424 ἰχθυοπωλίαν
1173 1346 1374 1422 ἀναδιδόντας

190 1455 321 1523 taceres
346 1454 398 1518 καὶ
422 1457 476 1517 τοῦ
506 1452 637 1525 κώδωνος
659 1448 749 1526 ὀξέως
767 1450 956 1524 ἀκούοντας,
981 1448 1036 1514 ubi
1059 1450 1261 1526 ἀναδιδόντας
1283 1452 1376 1520 cedat

192 1558 290 1624 verbo
313 1560 347 1621 in
366 1557 424 1622 tati
444 1576 478 1622 re
501 1556 629 1642 proprio
651 1556 814 1629 ύαύοντας.
863 1555 899 1621 in
921 1563 1065 1621 extrema
1085 1563 1177 1642 purte
1200 1555 1224 1645 S
1245 1563 1273 1622 1.
1298 1556 1376 1644 legi·

195 1669 250 1726 tur
272 1662 475 1745 οῖναςρύφειν,
507 1660 591 1747 quod
622 1660 701 1727 bene
727 1660 841 1727 Graeco
872 1659 1102 1742 innecteretur
1132 1658 1237 1727 fuerat
1269 1662 1379 1728 dicen·

194 1766 294 1844 ilum,
326 1768 418 1831 cuius
448 1785 526 1832 usus
550 1766 691 1851 exempta
721 1764 836 1832 efferre
860 1766 1010 1852 putidum
1043 1774 1114 1842 est,
1147 1786 1206 1832 nec
1235 1766 1374 1834 tacerem

192 1871 254 1935 nisi
284 1872 439 1935 eximium
466 1872 635 1938 Prurincm
658 1870 782 1947 iocum,
816 1872 937 1956 inquo
967 1869 1107 1954 legitur,
1140 1873 1227 1959 turpi
1258 1872 1376 1939 mendo

188 1973 326 2039 liberare
350 1995 483 2060 possem.
531 1976 566 2040 ln
592 1976 658 2040 vite
681 1978 856 2041 Giuonrnrs
879 1994 948 2061 cap.
968 1975 1111 2042 xxxin.
1144 1988 1375 2046 commemorat

189 2079 312 2145 dictum
338 2100 471 2157 eorum,
496 2082 551 2167 qui
570 2081 752 2147 Ciconenru
776 2080 989 2146 Alexandriae
1012 2082 1097 2167 opud
1120 2083 1323 2150 Pronruuruu
1343 2094 1376 2152 et

190 2187 405 2271 nequissimos
447 2184 569 2250 arcticos
604 2185 773 2252 videbant:
818 2183 906 2260 οὗτος
947 2187 961 2251 ὁ
991 2187 1068 2253 νέαν
1099 2188 1130 2253 ἐν
1158 2190 1275 2263 τούτοις
1308 2198 1372 2264 τοῖς

188 2290 357 2374 τροβύτοις
378 2291 600 2373 ἀνατρέφεται.
626 2299 663 2356 ut
687 2292 803 2356 Gracco
822 2291 926 2357 oratio
945 2292 987 2357 sic
1009 2292 1180 2378 utrobique
1200 2294 1375 2361 articulum

189 2415 349 2483 expunge.
397 2395 610 2462 Dictitabent:
646 2392 732 2470 ούτος
754 2397 831 2461 λέων
854 2398 885 2461 ἐν
913 2399 1030 2471 τούτοις
1055 2398 1222 2478 τροβύτοις
1246 2400 1377 2481 eumer-

187 2507 310 2584 φεται,
336 2499 607 2586 quemadmodum
630 2499 669 2566 de
690 2519 724 2567 se
743 2502 810 2587 ipse
831 2500 994 2588 praedicat
1018 2501 1117 2567 Soron
1140 2500 1256 2587 fragm.
1275 2508 1318 2568 56
1342 2503 1376 2570 in

189 2607 316 2673 Brnunn
341 2606 379 2672 P.
398 2606 435 2672 L.

216 2751 219 2758 ·
279 2753 284 2760 ·
371 2716 410 2788 ὥς
434 2715 465 2778 ἐν
489 2714 576 2780 κυσὶν
600 2718 767 2779 πολλαῖσιν
790 2712 931 2796 ἔςρύφκν
953 2712 1045 2786 λύκος

191 2816 258 2908 §2
291 2821 465 2899 ύτορνεῖναν
488 2820 641 2887 διύναύενε
675 2819 805 2905 requiro
833 2820 1046 2899 ἐνντοριεῖναν.
1078 2815 1155 2908 85.
1183 2819 1377 2902 ύχαρῖςονςε

191 2933 224 2991 et
246 2923 299 2988 bic
320 2924 390 3009 tege
412 2927 592 3007 ύχαρῖτονς.

236 3031 338 3116 Epist.
360 3034 412 3096 61.
445 3034 518 3113 παρ’
543 3030 669 3109 ύναξίοο
699 3032 879 3112 ύτορνένεινε
911 3032 1082 3098 Αιννννιιννν
1106 3032 1139 3097 in
1168 3032 1283 3098 Graeco
1310 3053 1376 3100 scr-

191 3155 288 3201 mone
311 3134 396 3201 idem
419 3137 584 3222 peccavit,
608 3136 693 3222 quod
715 3139 867 3202 Arrenius
885 3155 905 3201 a
925 3135 1072 3203 Crcrnone
1097 3157 1245 3224 peccasse
1267 3141 1375 3224 argui-

192 3241 306 3307 turin
330 3239 471 3326 Pbitr'pp.
494 3242 549 3307 ΙΙΙ.
565 3247 604 3318 9,
628 3262 726 3328 quum
749 3244 781 3306 in
804 3241 910 3306 edicto
930 3244 1131 3327 scripsisset:
1155 3242 1252 3308 thtc
1275 3256 1379 3309 contu·

191 3345 290 3412 metio
309 3356 354 3410 ert
372 3368 467 3432 quarn
487 3347 564 3432 fucit
578 3347 701 3432 dipcue.
726 3345 784 3435 §b
808 3350 883 3424 ἡμῖν
900 3347 1123 3426 ἕργαζύροενιςε
1149 3366 1206 3432 pro
1223 3351 1319 3424 ἡμᾶς.
1332 3385 1377 3401 -

192 3453 358 3535 νεομηνίας
391 3451 487 3515 Attici
510 3451 665 3535 νονρινρνίρι.
689 3456 764 3536 §5-
790 3452 822 3516 ἕν
845 3452 980 3531 ταπεινῷ
1004 3453 1047 3531 τῷ
1070 3453 1238 3531 exciuere:
1263 3450 1379 3518 melius

194 3559 265 3623 sine
283 3560 336 3640 τῷ.
360 3595 406 3606 ·-
428 3558 547 3634 ύγατῶ
567 3555 750 3638 ἕκτορῖζεινε
775 3563 900 3621 veteres
917 3554 1090 3636 ἐκπορίζων.
1114 3592 1161 3607 -
1181 3558 1237 3633 τὴν
1257 3560 1378 3625 τνύκατ

194 3682 314 3749 repone
337 3663 450 3728 πύκνα.
475 3699 521 3714 —-
543 3664 577 3728 τὸ
603 3664 633 3726 ἐν
655 3663 836 3744 Μορονῶνιε
861 3678 919 3745 pro
940 3660 976 3724 τὸ
1001 3663 1187 3742 Μαραθῶνι,
1214 3662 1297 3748 quod
1322 3663 1377 3730 ed·

193 3767 342 3834 verbium
363 3776 433 3846 est,
453 3775 490 3833 ut
514 3771 689 3845 Ἐλευσῖνι,
722 3772 873 3843 Σικυῶνι,
897 3764 970 3831 olio.
1001 3763 1026 3855 Β
1048 3769 1067 3830 4
1097 3769 1124 3833 οἱ
1147 3769 1297 3852 τατέρεςε
1320 3791 1379 3858 pro

192 3881 306 3953 γονεῖς.

239 3979 344 4065 Epist.
365 3982 418 4044 6⁰2.
442 3982 585 4062 μνςήριον
604 3980 637 4044 ύν
658 3983 771 4053 αὐταῖς
796 3978 966 4062 στρέφεται
989 3985 1060 4044 ταῖν
1078 3980 1161 4045 ύεαῖν
1178 3987 1250 4047 ταῖν
1271 3985 1379 4052 ’Eteo-

193 4085 305 4151 οινύαιν
326 4085 562 4167 ύτφανέςερονε
595 4085 721 4170 corrige
750 4085 922 4167 τρέφεται,
947 4091 985 4150 ιιι
1005 4085 1039 4150 in
1063 4085 1256 4151 Terentiano
1278 4089 1378 4158 Andr.

194 4188 220 4255 Ι.
233 4210 264 4255 ν.
281 4194 333 4254 16.
356 4189 476 4275 aliquid
488 4190 618 4254 monstri
628 4189 734 4267 cluet,
749 4198 817 4256 tum
834 4199 898 4257 τοῖν
911 4192 985 4255 ύεοῖν
997 4197 1062 4255 τοῖν
1073 4192 1270 4258 Ἐλευσινίων
1287 4195 1377 4261 Grae·

196 4315 266 4361 cum
284 4300 355 4372 est,
377 4303 449 4360 ταῖν
467 4297 550 4360 θεαῖν
572 4302 713 4360 nonest.
761 4296 919 4382 Perpetua
949 4295 1028 4360 haec
1059 4305 1106 4360 est
1128 4295 1380 4366 describentium

196 4398 418 4485 interpolatio,
452 4403 494 4467 rb
518 4401 572 4466 ύεύ
603 4399 705 4465 solent
728 4402 887 4466 intectum
917 4402 1195 4485 praetermittere,
1218 4409 1281 4467 τοῖν
1305 4407 1380 4471 tectu

196 4504 302 4571 sicubi
331 4504 370 4570 de
394 4505 509 4571 deabus
532 4505 596 4577 dici
620 4503 825 4590 intelligunt,
851 4505 1054 4571 substituunt
1076 4507 1272 4579 veteteno,
1299 4528 1381 4593 quae

199 4607 302 4676 forma
329 4611 440 4676 Atticis
467 4620 536 4678 tam
560 4613 667 4697 ignote
701 4619 800 4697 etque
829 4612 873 4678 τύι
897 4609 962 4677 rec.
1009 4609 1093 4678 Nibil
1118 4613 1159 4677 iis
1180 4611 1321 4678 suboluit
1348 4613 1381 4676 in
