3309 5750
814 645 895 709 255

260 861 331 914 νος,
369 838 489 906 Graeco
515 836 688 904 dicendum
713 836 825 920 ῶσπερ.
873 841 966 925 866.
999 838 1244 922 ὑποκρινούμενοι
1271 842 1315 909 τὰ
1342 847 1441 913 λοιποὶ

260 954 460 1025 προσωπεῖον,
496 945 598 1011 scribe
626 944 789 1027 πρόσωπον
824 942 952 1011 ridetur
979 943 1139 1025 πρόσωπον
1167 969 1227 1036 pro
1252 959 1440 1029 προσωπεῖον

263 1046 330 1115 dici
353 1073 463 1139 posse,
487 1063 519 1116 at
544 1074 610 1115 uon
632 1061 755 1115 contra.

259 1184 261 1189 ·
309 1153 348 1219 In
360 1155 676 1245 compressans.
702 1155 757 1217 οὐκ
776 1151 908 1233 εὐπόρως
926 1152 1009 1234 ἔχω,
1035 1150 1220 1245 Lexipbaue
1240 1156 1375 1246 dignum
1392 1171 1440 1225 ert

262 1259 412 1342 εὐφόρως,
437 1273 506 1326 tum
526 1261 629 1325 scribe
648 1258 754 1337 dvcto
776 1251 795 1331 ἦ
814 1270 846 1323 et
864 1264 883 1347 §
902 1265 932 1325 5.
954 1260 1081 1343 ἀπῇμεν
1104 1271 1136 1325 ot
1154 1261 1279 1344 ἐξῇμεν.
1307 1264 1325 1346 S
1346 1266 1375 1330 4.
1393 1264 1437 1330 ποὶ

259 1365 348 1445 κόρκ.
377 1367 471 1433 scrib.
501 1367 542 1431 vt·
562 1366 653 1447 κόροι,
685 1375 722 1428 ut
739 1364 787 1427 ab
807 1364 991 1445 ἡμέροι,·πῶ
1014 1365 1136 1445 πέχνοι,
1165 1368 1207 1430 rb
1228 1366 1307 1432 ἰδέοι.
1343 1373 1361 1454 §
1387 1370 1438 1436 Ιθ.

256 1466 370 1536 ἔδωκεν
395 1469 550 1550 ῶμηγέπη
577 1469 661 1545 δίκην
687 1467 788 1545 ἣλῶξ
808 1468 957 1543 ποιπήσοις
982 1466 1095 1549 ᾤχετο.
1123 1468 1332 1538 Athenienses
1350 1474 1439 1540 dicc-

261 1571 340 1637 baut
359 1585 559 1649 λκιιποιπεῖν,
587 1587 621 1640 ut
642 1573 824 1654 ἔκπλεθρον,
850 1572 1029 1637 ἑκκοιίδειιιι.
1054 1576 1438 1654 οὶμηηέπηκοιίῶοιιάιιιιι

257 1689 307 1742 est
336 1680 500 1763 ἁμηγέπη,
534 1681 574 1747 de
604 1703 669 1771 quo
693 1678 917 1744 adverbiorum
937 1700 1053 1767 genero
1075 1681 1185 1770 paucis
1203 1683 1291 1749 iuvat
1311 1684 1435 1750 dicere:

257 1780 307 1855 clo
337 1796 369 1849 et
398 1809 445 1857 πις
478 1784 601 1851 habeut
629 1783 817 1849 adverbium
848 1784 909 1848 sibi
938 1785 1134 1873 respondens
1156 1794 1219 1861 πῶς
1241 1800 1274 1854 et
1295 1813 1374 1872 ποις,
1400 1802 1436 1855 ut

257 1888 378 1965 οὶγοιῶῶς
398 1886 450 1954 εὖτ
473 1887 517 1962 εἷς
539 1890 579 1968 με’
602 1914 651 1962 πις
674 1889 771 1955 babet
796 1888 983 1953 adverbium
1010 1890 1211 1969 ἁμωσγέπως
1233 1893 1321 1983 quod
1343 1913 1436 1986 pror·

252 2013 311 2057 sus
340 1992 425 2059 idem
457 1995 615 2085 significat
643 2008 741 2087 atque
768 1995 803 2072 ἐξ
826 1995 891 2067 ἑνός
912 1995 951 2073 γε’
972 2015 1025 2059 πον
1048 1995 1163 2075 τρόπον
1182 1998 1234 2062 rel
1255 2000 1300 2082 ἔνι’
1322 1995 1362 2079 γὲ
1391 2022 1434 2083 ποι

249 2098 369 2181 πρόνοον.
405 2103 503 2180 ‘Ande
526 2100 613 2191 quod
637 2101 809 2192 respondet
829 2102 872 2181 τῷ
897 2096 940 2172 εἷς
964 2099 1070 2191 ipsum
1093 2099 1160 2164 sine
1181 2102 1314 2192 vestigio
1332 2103 1434 2171 inter-

254 2204 354 2283 cidit,
377 2206 451 2283 ὂμός
471 2208 606 2271 emersit·
622 2208 708 2298 quod
729 2207 888 2297 siguificat
906 2206 920 2269 ὁ
940 2205 1166 2281 abcissum
1187 2210 1281 2287 ὁμοῦ,
1305 2210 1432 2289 ὁμόθεν,

255 2310 351 2389 ὁμόσε
372 2313 617 2402 riotasurit-pro
638 2315 668 2376 ἐν
693 2315 818 2393 πλούτῷ,
845 2311 880 2375 ἐκ
902 2314 1037 2382 ποιῶποῶ,
1061 2312 1104 2383 εἰς
1127 2312 1254 2378 ποιῶπόν.
1287 2315 1333 2380 Er
1352 2317 1434 2395 οὶμός

253 2426 397 2505 superest
426 2417 540 2495 οὶμοῶεν
573 2417 695 2504 Odyss.
715 2426 755 2481 A.
783 2420 834 2481 10.
861 2427 893 2480 et
912 2413 984 2493 ἅμα
1005 2436 1088 2492 ono,
1119 2427 1188 2481 tum
1210 2419 1327 2506 passim
1348 2421 1434 2510 apud

251 2521 354 2587 dones
369 2520 503 2600 οὐδοιμῶς
525 2543 585 2613 pro
603 2521 717 2595 οὐδείς,
745 2522 835 2586 cuius
855 2518 1014 2585 adverbiis
1034 2531 1169 2585 utuntur
1191 2520 1303 2587 Graeci
1323 2548 1433 2591 omues

252 2628 413 2706 οὐδκμῶς,
434 2629 602 2706 οὐδοιμόῶεν
624 2639 703 2693 caet.
729 2623 1005 2711 Quemadmodum
1027 2638 1139 2692 cutem¹
1155 2626 1305 2693 dicebant
1324 2630 1434 2709 οὲμωσ-

253 2733 359 2811 γένος
391 2734 436 2798 sic
462 2733 495 2797 in
526 2756 585 2798 usu
610 2745 700 2798 eraut
728 2734 930 2813 οὶμονγέπον,
965 2733 1135 2815 ἁμηγέπη,
1166 2734 1431 2812 ῶμοῶεννέποῶιν,

251 2836 439 2918 οἱμοινέποι,
474 2862 552 2930 quas
580 2840 699 2907 formas
727 2845 1042 2905 omnesaoomcvat
1064 2836 1243 2904 Scholiasta
1268 2839 1431 2905 Ptrrunts

250 2942 292 3006 ad
313 2943 509 3034 Sophv'stam
531 2971 560 3036 p.
582 2951 647 3012 259
663 2965 701 3012 u.
725 2964 864 3036 quarum
886 2942 942 3035 qui
961 2963 1056 3011 unam
1077 2940 1228 3035 inteltigit
1249 2968 1359 3010 omnes
1377 2946 1431 3011 iu·

252 3048 387 3139 telligit,
410 3062 451 3116 -et
480 3046 575 3118 facile
604 3052 720 3118 sentiet
745 3068 976 3141 quam-parum
996 3049 1168 3139 diiigenter
1185 3050 1226 3115 do
1248 3051 1285 3117 iis
1308 3063 1428 3117 veteres
1481 3042 1484 3047 ¹

249 3154 450 3244 grammatici
478 3159 700 3247 exposuerint,
724 3157 904 3246 doctosque
927 3156 1121 3246 deceperint.
1170 3154 1264 3240 Quod
1283 3157 1316 3221 iu
1336 3154 1430 3224 Mort-
1514 3234 1519 3243 ,

249 3277 332 3325 ntur
354 3261 504 3326 scribitur
523 3286 556 3353 p.
581 3266 623 3328 50
646 3263 801 3341 ῶμηηέπη
823 3253 994 3334 Ἀππικῶς,
1019 3260 1220 3339 ῶμωονὲποις
1236 3265 1427 3336 Ἑλληνικῶς

249 3377 281 3429 et
293 3368 456 3441 Ἀπηποπε
471 3371 634 3439 Ἀττικῶς.
660 3366 821 3431 dedocere
835 3369 1024 3439 Ἑλληνικῶς
1045 3376 1078 3428 st
1093 3364 1245 3452 imposuit
1262 3364 1425 3430 Buttm-

249 3484 304 3535 ruo
333 3469 373 3535 ad
405 3468 564 3535 Trrrromr
592 3495 625 3560 p.
646 3473 688 3534 29
719 3469 935 3534 et-Prrnsoro
954 3469 999 3533 sie
1020 3468 1275 3533 emendandum:
1308 3472 1423 3552 Ἀμη-

248 3575 350 3657 otas
376 3579 546 3649 Ἀττικῶς,
573 3576 746 3657 inditore
769 3578 971 3650 Ἑλληνικῶς.
1004 3585 1041 3638 ct·
1064 3575 1323 3652 Ἀμοιονέποις
1348 3577 1424 3639 'Ar-

245 3686 348 3752 πικῶς.
382 3678 582 3746 ὅπῶοποτε
609 3683 820 3755 Ἑλληνικῶς..
855 3679 914 3743 Vel
948 3678 1001 3743 itio
1032 3679 1100 3768 ipse
1131 3678 1223 3742 locus
1256 3678 1423 3745 Motttlnts

244 3785 385 3851 ostendit
414 3785 470 3851 has
499 3787 616 3852 formas
646 3784 732 3875 apud
762 3785 919 3876 populum
952 3785 983 3849 in
1014 3783 1259 3853 desuetudinem
1291 3784 1420 3851 abiisset

246 3891 356 3979 itaque
375 3890 401 3957 si
421 3892 549 3980 quando
570 3894 602 3958 in
626 3891 799 3959 Codicibus
824 3891 956 3957 vetustis
976 3903 1164 3982 apparerent
1183 3891 1294 3980 iugens
1312 3891 1422 3958 immi·

246 3994 344 4060 nebat
363 4019 381 4059 n
402 3998 512 4061 scribis
531 3999 728 4089 periculum,
750 3999 807 4088 qui
828 4011 882 4063 aut
894 3998 1038 4063 funditus
1055 3998 1214 4063 tollebant
1233 4009 1288 4062 aut
1302 3996 1420 4072 ἄλλον,

242 4099 392 4174 ῶλλοῶεν,
417 4093 523 4172 ἄλλως
546 4103 596 4167 rel
617 4100 697 4180 ὅμως
719 4103 955 4170 substitue-bant
973 4126 1033 4194 pro
1053 4112 1191 4180 ΑΜΟΤ,
1213 4110 1417 4177 ΛΜΟΘΕΝ,

241 4210 385 4276 ΑΜΩΟ,
410 4206 595 4284 ’Λμοινὲποι
615 4207 680 4272 sire
699 4210 894 4287 οὶμοσενέποι
913 4209 1001 4297 (uum
1023 4206 1107 4297 quod
1129 4206 1162 4270 iu
1179 4205 1419 4274 scholio-Pm-

243 4327 337 4375 rottts
364 4309 482 4398 legitur
510 4310 680 4389 οὲμοινέποι
697 4313 753 4377 sei
779 4313 932 4390 οὶμοσέποι
962 4314 1007 4377 itu
1034 4312 1259 4401 corrigendum
1283 4335 1418 4392 censeo,

239 4425 277 4480 ut
306 4416 474 4494 οὶμοιγέποι
507 4415 653 4480 deleatur
683 4427 716 4481 et
741 4417 898 4482 scribatur
917 4417 1133 4496 οὶμοοενὲποι,
1149 4434 1256 4507 ¹quam
1281 4418 1416 4485 formam

238 4519 467 4586 commendant
489 4535 521 4587 et
541 4521 714 4587 stabiliunt
730 4514 831 4600 ὁμόσε·
845 4534 877 4588 et
899 4521 1099 4610 esset-an)
1123 4523 1220 4612 plane
1239 4520 1417 4610 intercidit,

238 4648 346 4715 neque
373 4627 454 4693 mihi
474 4630 594 4697 lectum
618 4643 665 4698 est
686 4653 841 4722 usquam,
861 4651 967 4721 neque
988 4629 1020 4693 in
1044 4628 1149 4694 ullum
1169 4626 1277 4695 locum
1299 4627 1416 4710 incidi,
1509 4621 1511 4626 ⁵

237 4733 324 4801 unde
344 4733 473 4826 pulsum
494 4752 561 4804 osse
582 4737 752 4807 rideretur)
786 4729 993 4817 Ἀμονγέπον.
1007 4726 1240 4805 eodeni-modo
1258 4736 1414 4826 periurat,
