3309 5750
790 608 856 673 288

238 833 296 875 τοο
318 807 389 888 ἔλθῃ
411 803 610 870 confidenter
626 801 746 870 ridebis
765 812 972 892 reponentes,
994 777 1131 878 addunt,
1153 796 1299 865 demunt
1315 797 1419 891 quod·

241 913 320 979 libet
349 925 380 978 et
410 913 604 1004 interpolant
633 923 665 977 et
694 910 807 976 titiant
836 907 990 975 arbitratu
1017 928 1074 973 suo
1102 903 1269 997 quidquid
1297 905 1339 970 iis
1358 927 1418 971 non
1445 912 1452 928 ’

241 1022 315 1087 satis
336 1022 417 1087 bene
437 1033 491 1086 ant
510 1018 678 1085 commode
699 1017 823 1083 dictum
844 1014 977 1081 ridetur.
1024 1012 1157 1103 Siquid
1177 1011 1218 1077 iis
1242 1010 1418 1077 absurdum

240 1126 368 1192 ridetur
395 1138 550 1192 annotant
577 1124 713 1201 οὶλογθοο,
750 1121 837 1212 qnod
867 1120 1061 1210 vocabalum
1088 1120 1122 1184 in
1151 1120 1324 1184 llmsrluu
1351 1139 1418 1183 curn

243 1234 342 1300 rerbo
363 1234 528 1315 σοφίζεται
548 1233 593 1295 ita
622 1229 829 1295 coniunctum
850 1239 913 1306 cst,
934 1238 970 1291 ut
992 1225 1091 1308 σοφθοο
1114 1224 1287 1307 λογθζετοοο
1312 1245 1418 1289 nasce·

244 1351 340 1405 retur.
378 1338 458 1404 Vide
489 1335 638 1403 (lantrat
667 1333 853 1423 Syntagme
877 1334 920 1398 de
936 1335 1071 1397 ratione
1089 1327 1297 1395 mactandi
1319 1351 1353 1418 p.
1373 1330 1418 1393 49.

243 1444 280 1511 ln
311 1439 728 1511 lltortrs1ttllst1c.l.ll.
759 1462 819 1529 pro
840 1438 1100 1519 οἰκοφθορηθεῖσαι
1128 1436 1163 1500 in
1189 1432 1365 1500 nonnullis
1383 1432 1418 1497 li·

132 1569 135 1574 ⁴
245 1551 310 1617 bris
339 1564 385 1617 est
407 1546 651 1631 οἱκοφθοβοθοοοο
674 1545 843 1626 intrices,
862 1542 949 1607 unde
969 1553 1061 1608 natae
1080 1552 1155 1606 sunt
1179 1540 1364 1631 scripturae
1381 1538 1416 1603 oi·

246 1655 397 1737 κοφθθοωο
419 1653 620 1733 deputatam,
642 1646 822 1728 οἰκοφθόρον
846 1648 1032 1729 βορηθεῖσοοι
1057 1659 1089 1712 et
1111 1645 1329 1713 Reiskianutn
1347 1646 1417 1711 cisto-

244 1760 363 1841 Φθθρωο
390 1756 607 1837 μκροιοθεῖσοιι.
657 1752 721 1817 llas
737 1752 845 1819 turbas
861 1753 1009 1818 innoxius
1028 1753 1070 1819 Μ.
1090 1752 1283 1818 Tauranus
1304 1750 1417 1817 Vertat)

247 1862 354 1940 dedit,
386 1861 441 1951 qni
471 1858 617 1923 laudatus
644 1857 675 1921 in
705 1858 851 1947 sequenti
882 1880 972 1923 versu
995 1870 1028 1924 ct
1050 1857 1084 1922 in
1105 1857 1252 1946 margine
1272 1856 1417 1922 demere
1453 1941 1455 1944 Ι

247 1979 374 2033 notatus
393 1966 477 2029 inter
496 1965 616 2045 οἰκοφθο
635 2000 680 2011 —-
705 1974 736 2027 et
756 1964 893 2043 οηθεῖοοο
916 1963 1152 2029 incommodam
1178 1974 1213 2027 et
1235 1961 1416 2029 indecoram

248 2072 355 2139 sedem
384 2067 566 2157 occuparit3
600 2080 631 2133 et
660 2090 771 2158 magna
798 2080 846 2133 est
872 2070 982 2136 talium
1008 2070 1110 2161 copia.
1158 2068 1288 2135 Malum
1307 2066 1368 2133 hoc
1385 2065 1416 2129 in

247 2177 336 2243 libris
366 2174 528 2240 crescebat
560 2173 591 2237 in
621 2172 721 2251 diem,
753 2184 785 2238 et
815 2174 1016 2265 utquisque
1036 2187 1083 2241 est
1111 2173 1353 2239 recentissimus
1378 2168 1417 2233 ita

248 2279 508 2346 mendosissimus
531 2301 597 2344 esse
624 2278 722 2359 solet,
747 2278 800 2343 sed
822 2279 932 2344 nullus
953 2292 1000 2346 est
1019 2280 1156 2370 scriptus
1176 2279 1260 2344 liber
1283 2289 1348 2343 tarn
1369 2295 1418 2340 re-

249 2398 316 2465 tus,
341 2399 404 2452 tam
423 2387 542 2467 bonus,
567 2388 644 2477 quin
665 2384 799 2453 eandem
821 2386 928 2452 labem
949 2386 1025 2452 olim
1045 2386 1193 2463 senserit,
1214 2406 1315 2475 quam
1336 2381 1418 2449 ride·

249 2518 320 2560 mus
349 2496 383 2560 in
411 2495 611 2585 sequioribus
636 2516 760 2585 semper
780 2493 977 2584 gliscentem.
1026 2493 1095 2558 lloc
1118 2492 1224 2582 ipsum
1245 2502 1357 2556 autem
1377 2495 1419 2550 est

250 2601 459 2666 certissimum
477 2603 732 2694 interpolationis
747 2601 918 2680 indicium,
934 2622 1034 2690 qnnrn
1051 2600 1124 2664 libri
1139 2597 1340 2688 antiquiores
1350 2614 1418 2659 curn
1442 2630 1445 2637 ·

251 2707 479 2773 recentioribus
508 2708 676 2798 compositi
704 2697 903 2774 manifestam
930 2706 1075 2772 fraudem
1101 2705 1225 2770 faciunt
1246 2715 1280 2770 et
1301 2700 1418 2767 addita·

250 2825 359 2881 menta
386 2811 504 2878 insulsa
534 2823 565 2878 et
595 2812 730 2902 puerilia
756 2812 940 2903 sequiorum
970 2825 1150 2903 temporum
1173 2808 1356 2876 omittendo
1376 2826 1420 2870 ar·

248 2931 361 3010 guunt.
410 2919 510 3001 Quam
541 2918 641 2983 multa
666 2918 858 2984 emblemata
887 2916 994 2984 (lodex
1023 2919 1257 2983 Daucsrnttrtts
1285 2915 1420 2982 Parisi-

249 3048 312 3089 nus
334 3022 374 3100 S,
404 3032 484 3110 quot
504 3021 765 3110 interpolationes
785 3022 888 3113 arguit
907 3022 1016 3088 solus?
1042 3045 1138 3113 quam
1160 3022 1261 3087 multa
1284 3020 1420 3086 lsocua·

251 3149 300 3196 tts
316 3129 464 3196 Urbinas
480 3139 533 3193 aut
551 3126 699 3193 Dtortrsn
709 3129 828 3194 Hauc.
845 3128 928 3195 tiber
938 3128 1158 3196 Vaticanus?
1188 3125 1421 3220 Atplurimnm

255 3236 362 3314 abest,
398 3242 434 3296 nt
461 3230 522 3320 ipsi
552 3230 614 3296 sint
643 3231 710 3297 sine
740 3233 823 3298 vitiis
849 3231 1264 3323 eiusdemmodiroptimus
1283 3230 1342 3295 ille
1362 3238 1422 3305 est,

254 3341 310 3435 qni
338 3336 480 3405 minimis
499 3348 670 3425 urguetur:
700 3336 761 3403 lroc
781 3336 921 3417 habent,
952 3350 986 3403 ut
1009 3336 1377 3427 emblemataindagare
1395 3344 1423 3398 et

255 3445 381 3513 odorari
411 3455 443 3510 et
473 3444 567 3508 certis
597 3444 735 3534 vestigiis
764 3442 1004 3534 deprehendere
1023 3455 1065 3509 et
1089 3442 1291 3531 deprehensa
1317 3441 1425 3508 tollere

255 3555 391 3621 doceant
411 3562 444 3616 et
465 3549 588 3614 animos
607 3548 726 3615 addent
741 3549 795 3626 iis,
813 3548 870 3638 qni
890 3548 1027 3638 ineptias
1049 3566 1249 3640 concoquere
1269 3570 1335 3613 non
1353 3571 1424 3640 pos·

254 3662 328 3726 sint.
376 3655 483 3721 Palam
504 3653 626 3719 iaciunt
653 3652 925 3743 quemadmodum
946 3655 1003 3718 ista
1027 3652 1243 3717 additamenta
1266 3655 1426 3735 oriantur,

258 3786 321 3855 qna
341 3759 415 3827 sede
435 3758 588 3824 libentius
608 3756 776 3837 haereant,
800 3770 837 3824 ut
859 3781 924 3824 sese
944 3759 1107 3824 insinuent
1125 3770 1157 3823 et
1177 3758 1364 3826 clanculum
1384 3763 1425 3827 ir·

257 3879 387 3959 repant,
419 3875 451 3929 et
475 3886 589 3951 magna
611 3863 704 3952 copia
721 3864 870 3929 locorum
889 3865 1131 3931 emendatorum
1150 3877 1245 3930 acuto
1271 3878 1304 3932 et
1329 3871 1428 3958 sagaci

258 3974 380 4038 Critico
400 3979 489 4033 notas
513 3967 663 4057 quasdam
685 3979 716 4031 et
738 3968 855 4033 indicia
876 3971 1060 4036 tenuissima
1078 3971 1133 4036 scd
1153 3983 1237 4036 certa
1257 3986 1429 4055 monstrat,

260 4075 377 4168 quibus
397 4083 504 4138 teneat
524 4069 668 4154 lraudern
689 4082 721 4136 et
740 4072 853 4138 sciolos
874 4075 1051 4143 convincat.
1097 4075 1191 4144 Docti
1215 4076 1364 4145 homines
1383 4081 1428 4146 ni·

260 4182 361 4248 mium
389 4177 547 4268 patienter
576 4175 730 4266 pleraque
757 4178 817 4243 ista
847 4179 929 4246 ferre
957 4181 1077 4248 solent:
1110 4180 1198 4272 quod
1222 4182 1379 4273 frigidum
1400 4200 1430 4254 et

168 4343 175 4348 ,
258 4285 414 4352 insulsum
444 4293 490 4347 est
520 4282 623 4348 verbis
652 4283 817 4373 mitigant,
852 4286 948 4352 etiam
976 4287 1054 4352 alibi
1085 4309 1150 4353 non
1178 4288 1344 4358 dissimilia
1367 4295 1430 4385 legi

262 4389 472 4467 contendunt,
488 4401 519 4453 et
535 4390 683 4456 omnibns
698 4391 804 4459 modis
818 4393 851 4458 in
869 4394 1120 4484 praeclarissimo
1135 4417 1265 4485 quoque
1276 4399 1431 4490 scriptore

212 4567 214 4571 ,
260 4500 388 4568 elevant
407 4506 439 4560 et
458 4506 620 4574 excusant,
645 4519 727 4585 quae
746 4498 779 4563 in
799 4499 863 4564 suis
883 4501 1018 4590 quisque
1038 4499 1160 4590 scriptis
1181 4525 1359 4594 numquam
1379 4520 1431 4574 tu·

261 4607 390 4682 lissent,
407 4612 472 4684 „out
501 4600 609 4690 inepte
637 4604 774 4692 repetita
801 4612 870 4669 aut'
884 4604 1051 4694 pueriliter
1070 4606 1235 4696 explicata.
1283 4611 1328 4678 Ut
1357 4629 1431 4681 sunt

263 4710 417 4799 cuiusque
449 4707 561 4773 Graeci
590 4709 752 4799 scriptoris
780 4708 913 4776 Codices
938 4711 1128 4802 antiquitate
1151 4727 1184 4782 et
1203 4714 1270 4784 ilde
1291 4721 1433 4790 muttum
