3309 5750
855 654 921 718 362

351 850 398 917 ld
423 851 590 940 peg.122.
640 848 678 915 ln
703 846 874 915 llisrcmc
895 871 923 914 r.
948 846 1078 921 Σκότιος
1099 844 1264 912 laudatur
1288 846 1482 927 Μαρσύαςέι

303 966 342 1039 τῇ
377 955 453 1022 Ἰἀδι
485 978 544 1046 pro
573 956 605 1020 ἐν
636 963 688 1030 τῆι
722 959 859 1036 πρώτήι,
898 952 985 1043 quod
1014 951 1170 1043 scriptum
1206 962 1286 1017 eret
1319 952 1354 1016 ἐν
1387 955 1484 1026 riri?-

304 1061 393 1127 Multi
421 1085 542 1128 errores
570 1061 665 1127 huius
694 1059 817 1151 generis
842 1059 877 1124 in
898 1060 1073 1126 Poenus
1091 1058 1267 1124 commissi
1290 1069 1392 1137 sunt,
1413 1069 1445 1122 ul
1461 1056 1483 1134 l,

303 1169 366 1234 45.
391 1171 411 1232 2
430 1167 543 1249 ἀνδρας
563 1191 621 1258 pro
640 1165 752 1247 ἀνδρας
777 1166 948 1239 διακοσίους
971 1165 1096 1250 (ἀνδρας
1124 1165 1171 1252 τ’)
1193 1177 1228 1230 et
1253 1168 1299 1243 4,
1326 1169 1370 1243 5,
1397 1167 1411 1229 1
1434 1164 1480 1228 ἀτί

301 1273 467 1339 ταλάντων
498 1278 563 1364 'pro
594 1274 658 1339 ἀπὸ
691 1271 872 1353 τριακοσίων
904 1271 1070 1337 ταλάντων
1103 1271 1184 1355 (ἀπὸ
1224 1271 1261 1335 τ’
1305 1268 1484 1355 ταλάντωι).

302 1376 464 1469 lmpriinis
484 1380 658 1446 ridiculum
679 1377 792 1444 vilium
811 1376 891 1441 latet
910 1377 943 1442 in
964 1382 1003 1455 5,
1027 1379 1070 1442 23
1092 1374 1274 1453 δεξάμενυς
1292 1403 1346 1425 -ε-
1359 1390 1483 1451 σαλπιγ·

302 1484 383 1557 κτάς
414 1494 495 1567 τρεῖς
524 1486 577 1551 καὶ
608 1485 740 1566 σκαΦάς
766 1482 783 1558 ἢ
812 1482 1018 1561 μονοξύλους,
1045 1480 1102 1545 ubi
1128 1477 1271 1546 Coeles
1300 1481 1321 1557 ή
1345 1476 1485 1569 expunxit

304 1588 373 1677 llgo
402 1600 483 1671 τρεῖς
514 1602 676 1681 expuncto
704 1587 836 1677 legerim
863 1587 995 1669 σκαφάς
1023 1586 1101 1651 ι’κτδι
1131 1585 1353 1664 μονεξύλους.
1409 1580 1482 1674 lputl

305 1695 445 1762 cundem
465 1696 631 1786 legebatur
651 1698 691 1773 2,
717 1697 756 1771 1,
782 1695 819 1757 11
844 1693 923 1758 δυοῖν
949 1690 1077 1772 ἡμέραιν
1099 1690 1164 1755 ὁδὸν
1191 1690 1329 1764 ἀνύσας
1350 1714 1412 1781 pro
1429 1686 1482 1755 έιί

304 1801 443 1874 ἀνύσας,
459 1804 490 1866 ἕν
505 1807 565 1884 μιρῖ
580 1800 716 1876 ἀνύσας,
736 1796 824 1887 quod
838 1797 1008 1863 Vitem.
1021 1795 1157 1861 correxit
1168 1794 1210 1859 ad
1223 1795 1371 1864 11111011.
1382 1796 1435 1864 IX.
1446 1798 1481 1861 11.

356 1904 403 1970 ld
432 1931 464 1996 p.
497 1910 571 1971 123.
605 1904 748 1970 Verbum
779 1905 903 1984 ἐπιχεῖν
923 1902 1121 1968 reddendum
1143 1913 1193 1968 cst
1215 1902 1387 1994 Eurum
1410 1928 1439 1994 p.
1454 1903 1482 1965 11

306 2009 405 2076 Boiss.
425 2012 610 2092 προίεμένής
636 2013 735 2083 αὐτῆς
757 2008 814 2082 τήν
839 2008 956 2073 κύλικα
978 2011 1021 2091 τῷ
1046 2007 1216 2089 Αἰγυπτίῳ
1245 2008 1308 2074 καί
1335 2011 1394 2075 τὸν
1415 2012 1481 2089 ήρτν

305 2116 395 2193 μένον
425 2114 500 2181 οίνον
536 2113 777 2195 καταχεαμένης
800 2150 847 2163 -
868 2113 938 2194 πρίν
967 2114 1002 2178 τδ
1032 2112 1139 2193 θερμὸν
1169 2110 1252 2193 ὕδωρ
1286 2114 1481 2194 ἐπιβαλεῖν

306 2221 372 2286 uri.
409 2218 539 2311 Corrige
559 2218 808 2300 καταχεαμένης
829 2229 863 2284 el
882 2219 1020 2299 ἐπιχεῖν.
1054 2216 1214 2284 Futurum
1234 2220 1371 2303 ἐπιχέω
1389 2218 1482 2309 legitur

306 2326 339 2391 in
365 2325 609 2396 Arrsrorrurrs
632 2327 725 2392 Pace
749 2347 791 2393 rs
821 2328 894 2392 166.

462 2435 495 2498 ού
518 2431 697 2514 κατορύξεις
722 2437 739 2518 ΙΙ
763 2428 989 2513 κάπιφορήσεις
1012 2436 1069 2504 τῆς
1092 2437 1152 2509 γεῖς
1177 2435 1334 2509 πολλήν,

414 2538 665 2620 κάπιφυτεύσεις
688 2532 842 2617 ἕρπυλλον
864 2532 927 2598 ἀνω
952 2541 969 2622 ΙΙ
993 2534 1046 2600 καὶ
1069 2535 1162 2617 μύρον
1186 2538 1351 2618 ἐπιχεῖςς

307 2641 466 2706 Futurum
499 2642 604 2723 ἐγχέω
634 2651 683 2706 est
712 2638 797 2731 apud
826 2639 1078 2707 Brucsrnrrrn
1100 2667 1132 2732 p.
1164 2644 1257 2722 107,
1289 2648 1348 2711 16.
1380 2646 1414 2711 ού
1435 2642 1482 2721 γὰρ

306 2748 368 2824 ἐγὼ
394 2747 533 2827 κρίνομαι
563 2747 694 2826 τήμερον
722 2745 784 2811 οὐδ’
811 2747 934 2825 ἐγχεῖ
959 2747 1045 2826 μετά
1067 2749 1157 2813 ταῦθ’
1181 2746 1263 2830 ὕδωρ
1287 2750 1394 2824 οὐδεὶς
1418 2746 1479 2828 ε’ροί.

306 2850 429 2917 Futuro
446 2849 599 2934 παραχέω
612 2849 714 2915 utitur
725 2847 837 2915 Ριιτο
849 2847 997 2918 Comicus
1007 2851 1093 2943 apud
1107 2851 1234 2921 Aruer.
1249 2854 1328 2925 XV.
1341 2882 1379 2949 p.
1393 2851 1478 2922 6611

440 2955 561 3035 νίπτριν
585 2952 756 3033 παραχέων
778 2952 928 3035 έρχομαιι
951 2959 1040 3036 κάγὼ
1065 2959 1095 3022 δὲ
1118 2963 1368 3041 παρακορήσων.

306 3061 464 3126 Futurum
494 3060 610 3140 διαχέοι
640 3057 840 3126 reddendum
868 3062 1024 3129 Drcrrsw
1052 3064 1171 3130 Hinc.
1202 3063 1260 3135 VI.
1295 3072 1358 3138 62.
1392 3073 1479 3148 ἡτῶν

306 3165 460 3249 φυγοίδων
493 3163 587 3244 ἰσχὺς
625 3166 658 3229 οὐ
692 3166 790 3231 πολὺν
818 3167 938 3246 ἀνθέξει
967 3166 1297 3252 χρόνον-ἀναρχία
1323 3200 1366 3243 τε
1391 3179 1478 3245 αὐτοῖς

306 3274 344 3346 ἀς
377 3271 477 3343 εἰκὸς,
512 3267 565 3332 uxi
596 3267 688 3342 ςάσις
714 3271 749 3335 ἐκ
775 3278 832 3346 τής
852 3273 1010 3354 ἀναρχίας
1032 3274 1217 3351 ἐμπεσοῦσα
1241 3280 1342 3360 ταχύ
1374 3281 1477 3362 διαχέυ

307 3377 359 3443 αα1
382 3375 502 3441 διαλύει
527 3374 568 3439 τα
590 3374 811 3455 βουλεύματα.
862 3377 945 3462 Quid
967 3378 1111 3444 laturum
1132 3379 1173 3443 sit
1190 3378 1321 3471 Appius
1341 3386 1480 3454 Claudius

308 3483 524 3562 demonstrat,
548 3474 612 3546 rion
635 3480 713 3571 quid
733 3482 808 3548 fiat:
834 3485 955 3574 corrige
974 3485 1085 3566 διαχεῖ
1100 3484 1152 3550 καὶ
1175 3485 1339 3559 διαλύσει.
1381 3495 1480 3574 Borma

309 3590 431 3671 διαχέει
465 3589 591 3654 inrecta
621 3600 669 3654 est
698 3612 716 3653 a
746 3588 929 3670 Graeculis,
963 3590 1020 3680 qui
1045 3588 1173 3667 πλέειν,
1197 3591 1327 3670 πνέειν,
1361 3600 1437 3667 δέειν
1456 3609 1481 3664 el

311 3695 425 3761 similia
453 3693 493 3759 de
521 3717 578 3759 suo
608 3693 683 3759 dare
712 3694 836 3774 solent,
866 3708 901 3761 ut
929 3694 1013 3787 apud
1035 3686 1221 3761 1116116161
1241 3695 1356 3788 ipsum
1378 3705 1479 3774 11131

311 3802 462 3882 συγχέειν
481 3811 514 3864 et
535 3798 657 3879 εἀχέεις
680 3799 791 3865 vitiose
811 3800 970 3891 leguntur.
1017 3800 1175 3867 Futurum
1195 3801 1263 3882 χέω
1285 3808 1390 3878 etiem
1410 3808 1481 3903 apul

313 3910 444 3975 seriores
464 3905 612 3970 occurrit.
647 3904 837 3972 llrsrcruus
856 3933 963 3973 κατα
971 3932 1017 3989 χ
1024 3907 1088 3971 ίσω
1110 3907 1196 3996 (lege
1214 3919 1482 4005 κατακαχρύσω)·

312 4013 464 4094 συγχέω,
496 4009 634 4088 ταράξω.
684 4007 745 4091 Qui
771 4012 839 4090 χύω
871 4025 904 4077 et
930 4012 1015 4092 χύνω
1045 4011 1179 4077 barbare
1200 4037 1261 4103 pro
1287 4019 1360 4100 χέω
1389 4023 1482 4089 diocte

313 4125 510 4208 coeperunt,
533 4110 630 4176 iidem
654 4135 719 4191 χεω
743 4124 777 4177 et
797 4120 935 4193 χεοῦμεν
958 4114 1149 4207 scriptitant.

360 4222 410 4288 Ad
441 4244 473 4310 p.
505 4221 579 4285 128.
631 4216 705 4285 Non
737 4219 879 4285 melioris
904 4234 999 4289 notae
1028 4236 1076 4289 est
1102 4223 1205 4290 forme
1236 4234 1483 4320 κατασκεδάζειι

314 4329 400 4423 apud
428 4327 618 4394 Priorum
608 4350 642 4392 ιιι
670 4346 700 4394 v
731 4350 790 4418 pro
817 4330 1122 4409 κατασκεδαννύναι,
1155 4353 1254 4420 quam
1279 4335 1434 4429 imperito
1452 4361 1483 4406 er

313 4436 573 4508 κατεσκεδιίσατο
601 4434 771 4502 finxerunt.
817 4435 1041 4503 Pcurrncnus
1071 4437 1113 4501 de
1139 4441 1267 4507 virtute
1296 4447 1488 4515 Alexandri
1540 4440 1546 4459 ⁸

314 4574 346 4642 p
373 4548 450 4613 340.
483 4561 511 4608 11.
539 4541 736 4631 negligenter
758 4543 1012 4625 μεταμφιέζουσι
1043 4542 1187 4632 scripsit,
1208 4559 1248 4613 et
1278 4553 1484 4638 μετημφίιιζε

316 4657 357 4722 de
393 4649 542 4740 Ρχ1ίιιιιο
571 4650 689 4712 oraru
687 4673 718 4713 ιο
749 4672 781 4738 p.
813 4651 889 4713 106.
920 4666 950 4714 r.
1007 4646 1108 4712 Nihili
1139 4648 1242 4718 forme
1274 4667 1325 4721 est
1356 4659 1432 4726 δαίυ
1458 4664 1485 4722 el

316 4759 464 4838 δαίομαι,
507 4775 603 4844 quam
640 4751 869 4844 Lericogrcphi
906 4755 1058 4833 afferunt,
1100 4780 1158 4846 pro
1193 4759 1323 4840 δαίνυμι
1361 4777 1396 4831 et
1427 4761 1487 4831 δαί·
