3309 5750
784 632 852 695 636

238 826 355 898 παντες
375 827 413 897 er
433 824 546 903 ὀλίγας
571 824 731 899 παίσειεν,
766 834 823 888 aut
851 824 884 889 in
909 823 1030 915 Cyrop.
1049 824 1076 891 l.
1095 844 1145 891 111.
1169 830 1226 892 17.
1256 825 1317 890 ubi
1336 849 1424 916 prae·

238 930 323 998 redit
343 930 394 995 ἐπὶ
415 936 475 1012 μιρῖ
500 930 576 994 ποτὲ
600 929 667 1010 δίκη
687 929 819 1007 πληγὰς
841 928 977 1009 ἔλαβον,
991 941 1024 996 et
1043 944 1193 998 enarrata
1213 954 1326 1009 causa,
1342 934 1373 997 ἐν
1393 934 1420 997 δὲ

239 1035 336 1116 τούτῳ
358 1035 441 1123 (lege
463 1033 514 1098 ἐπί
538 1033 569 1098 δέ
588 1034 703 1121 τούτῳ)
724 1057 766 1112 με
791 1031 921 1099 ἔπαισεν
943 1036 957 1099 5
980 1036 1169 1111 διδοίσκαλος
1190 1049 1222 1119 ¹,
1250 1036 1344 1102 unde
1362 1037 1421 1102 Lu·

241 1157 360 1205 curtus
378 1140 481 1206 παίσα
500 1150 533 1204 et
553 1137 672 1204 ἔπαισα
693 1138 855 1216 interdum
875 1139 970 1219 dixit,
988 1154 1024 1207 ut
1040 1146 1076 1221 l,
1094 1148 1124 1210 9.
1144 1148 1208 1223 33,
1230 1148 1286 1209 10.
1301 1146 1362 1221 49,
1375 1147 1422 1210 38.

242 1248 301 1325 71,
328 1250 381 1311 33.
436 1244 683 1311 Usitotissimum
713 1257 821 1310 autern
853 1258 920 1311 erat
949 1246 1056 1313 dicere
1082 1248 1219 1327 πληγὰς
1246 1249 1418 1328 ἐνέβαλον,
1445 1301 1447 1305 .

241 1346 393 1430 ἐνέτεινα,
415 1351 580 1432 ἐνέτριψα,
605 1362 641 1414 at
663 1349 833 1416 Lucterius
856 1354 913 1430 16,
938 1356 988 1417 12.
1012 1351 1143 1431 πληγοίς
1162 1376 1219 1431 μοι
1244 1354 1418 1425 ἐνέτεινας,

241 1462 302 1534 58,
322 1459 374 1521 25.
399 1453 529 1532 πληγὰς
550 1453 712 1536 ἐνέτριψα,
733 1466 766 1521 et
788 1460 823 1534 1,
845 1460 896 1522 14.
919 1457 1049 1536 πληγὰς
1068 1460 1122 1523 οὐκ
1138 1457 1258 1536 ὀλίγας
1276 1482 1333 1537 μοι
1350 1458 1416 1539 xiie

242 1563 437 1642 ἐνετρίψατο.

289 1666 354 1734 Ubi
381 1666 510 1731 odorrem
521 1665 638 1753 serore
657 1671 804 1732 eominus
825 1666 981 1755 signifieat
1001 1677 1178 1758 perpetuus
1200 1689 1282 1732 usus
1301 1677 1351 1732 est
1368 1690 1416 1731 ao·

239 1773 307 1839 risti
326 1769 497 1846 ε’πιίταξα,
517 1781 550 1836 et
568 1770 602 1835 in
621 1770 724 1837 forma
741 1771 865 1865 passiva
884 1774 1046 1852 ἐπλήγην,
1072 1794 1154 1861 quae
1174 1771 1308 1839 formae
1330 1795 1415 1863 saepe

242 1887 497 1965 componuntur,
519 1887 557 1939 ut
576 1876 724 1965 cognatio
744 1890 913 1969 appareat,
937 1890 973 1944 ut
992 1878 1026 1942 in
1045 1876 1144 1943 Lista
1165 1876 1226 1946 lv.
1249 1884 1308 1944 to.
1332 1877 1415 1943 πέτε-

243 2006 291 2062 ρον
323 1980 465 2061 πρότερον
501 1979 670 2069 [πρότερος]
702 1984 846 2062 ἐπλήγην
875 1982 1066 2059 ἢέτοίταξα
1087 1981 1189 2057 ἐκείνη
1212 1986 1345 2060 μᾶλλον
1372 1981 1415 2070 [tv

242 2084 399 2176 expunge]
420 2086 503 2169 ᾔδει,
526 2085 797 2174 quemadmodum
817 2087 850 2152 in
870 2099 949 2153 oret.
968 2086 996 2153 l.
1016 2089 1054 2175 §§
1071 2090 1112 2152 25
1124 2098 1156 2151 et
1167 2090 1209 2150 27
1224 2085 1415 2176 respondent
1460 2167 1462 2169 Ι

245 2192 305 2259 sibi
332 2191 417 2255 inter
436 2212 503 2255 seso
524 2190 676 2269 πατάξας
699 2192 902 2271 καταβάλλω
923 2204 956 2257 et
974 2190 1110 2270 πληγείς
1133 2190 1330 2257 κατέπεσεν.
1371 2190 1417 2256 sio

247 2295 336 2366 xsst.
356 2298 409 2363 87.
432 2291 487 2357 ἐοίν
503 2316 551 2365 τις
571 2292 655 2376 ξύλῳ
673 2294 691 2371 ἢ
711 2295 862 2379 μαχαίρᾳ
886 2293 1037 2372 πατοίξας
1062 2292 1259 2376 καταβοίλη,
1281 2306 1317 2359 et
1336 2301 1354 2383 §
1372 2298 1420 2361 71.

246 2405 260 2467 5
286 2400 508 2485 Θρασύβουλος
538 2397 651 2463 τύπτει
682 2401 734 2465 τὸν
761 2400 910 2481 Φρύνιχον
933 2399 985 2464 καί
1015 2396 1223 2474 καταβοίλλει
1257 2399 1417 2479 πατάξας.

248 2509 418 2575 1111101111.
447 2528 478 2595 p.
508 2507 584 2570 572.
617 2505 736 2583 μεθύων
761 2503 904 2581 ἐποίταξέ
932 2528 1015 2568 τινα.
1045 2502 1141 2568 ἐδόκει
1174 2500 1263 2584 ὕβρει
1295 2506 1350 2570 καί
1374 2508 1421 2571 οὐκ

245 2614 311 2694 οίνῳ
345 2610 486 2677 τύπτειν.
522 2633 554 2698 p.
578 2612 676 2674 1264.
705 2610 747 2690 τῷ
782 2606 966 2685 πατοίξαντι
995 2607 1124 2672 τύπτειν
1151 2611 1420 2687 παρεκελεύσατο.

246 2718 416 2783 Β11101111.
438 2739 469 2804 p.
491 2717 568 2781 526.
590 2715 642 2778 τὸν
666 2712 849 2792 θεσμοθέτην
877 2710 908 2784 ὃς
932 2710 1070 2792 ἔναγχος
1095 2712 1243 2791 ἐπλήγη,
1262 2724 1298 2778 et
1318 2718 1419 2781 moxi

245 2823 297 2888 τὸν
323 2819 508 2899 ύεσριούέτην
531 2816 695 2896 τατύξας.
721 2818 870 2884 Tuuciu.
896 2813 1054 2882 111191.
1078 2815 1092 2880 5
1112 2814 1263 2898 Φρύνιχος
1286 2822 1421 2901 πληγείς

246 2925 382 2992 οίπέύανε
416 2931 618 3004 παραχρῆμα
648 2923 701 2987 καί
735 2923 749 2989 5
781 2922 933 2998 πατοίξαι
967 2923 1127 3004 διέφυγεν.
1159 2911 1425 3016 ¹Componuntur

247 3030 360 3097 eodem
381 3027 478 3092 modo
500 3028 513 3090 5
539 3025 691 3105 πατύξας
712 3039 744 3093 et
766 3028 779 3094 5
802 3028 928 3092 τύπτων
947 3027 1033 3116 opud
1051 3027 1299 3113 durrrnorrrrr
1317 3059 1351 3124 p.
1364 3039 1421 3100 127

246 3148 278 3202 et
307 3133 392 3224 apud
424 3131 603 3196 Ρ11101111
631 3130 673 3196 de
700 3131 841 3222 Legibus
869 3129 925 3196 IX.
948 3156 979 3221 p.
1000 3135 1065 3199 879
1087 3152 1119 3199 u.
1152 3140 1206 3200 τοῦ
1230 3137 1365 3205 τύπτειν
1391 3142 1420 3205 δὲ

245 3240 391 3323 είργέσύα
422 3236 474 3311 ἵνα
503 3236 598 3318 πίρρα
627 3237 778 3316 γίγνηται
808 3238 938 3303 τοῦτὸν
968 3240 1129 3318 ἐπιχώριον
1159 3243 1327 3318 τολμῆσαί
1348 3268 1422 3312 ποτε

249 3344 407 3425 πατοίξαι.
425 3356 471 3410 ‘et
500 3343 544 3410 sio
572 3357 756 3410 constanter
782 3342 912 3408 Veteres
936 3343 1046 3433 etqui
1069 3354 1172 3409 aetate
1193 3357 1267 3411 sunt
1287 3351 1423 3437 proximi

251 3476 360 3520 omnes
380 3452 567 3543 loquuntur.
615 3452 840 3517 dsslsroruuus
860 3449 958 3516 litet.
978 3448 1004 3514 l.
1026 3452 1077 3515 15.
1101 3451 1127 3515 εί
1153 3451 1281 3534 ίσχυρὸς
1313 3459 1424 3534 οίσύενῆ

250 3557 395 3636 πατοίξαι
420 3560 436 3635 ἢ
462 3564 623 3636 πληγῆναι
649 3557 890 3638 προκαλέσαιτο.
939 3553 976 3620 Iu
1000 3553 1115 3619 talibus
1136 3551 1257 3621 ἔπαισα
1284 3563 1428 3652 populus

251 3664 479 3744 nondicebat,
509 3675 540 3729 at
559 3653 672 3753 podtae
693 3664 844 3728 lubenter
864 3663 909 3727 ita
933 3660 1165 3751 loquebantur:
1196 3662 1345 3743 ποίπαξον
1371 3671 1426 3748 μὲν

253 3771 382 3837 ἄκουσον
413 3771 444 3837 δέ
475 3769 724 3835 Tnuursrocrns
752 3767 846 3847 dixit,
879 3766 1065 3832 Soruocms
1093 3765 1222 3832 Electra
1244 3780 1379 3853 παῖσον,
1404 3776 1429 3839 εί

258 3875 388 3948 σύένεις,
402 3876 526 3947 διπληνι
544 3873 620 3937 hino
639 3873 758 3944 παίσας
777 3884 809 3936 et
825 3872 960 3949 πληγείς
978 3872 1011 3936 in
1030 3872 1190 3961 tragoedia
1208 3893 1432 3964 opponuntur,

256 3990 292 4041 ut
313 3978 465 4054 πατάξας
483 3989 514 4040 et
529 3976 664 4054 πληγείς
684 3977 716 4043 in
734 3999 879 4042 sermone
894 3977 1092 4066 quotidiano.
1116 3978 1254 4045 Perleoti
1273 3983 1431 4066 πέπληγα

258 4081 402 4171 exemplo
423 4081 604 4158 attulimus,
628 4081 759 4158 rrtnyair
779 4082 939 4146 δεδωκέναι
961 4083 1014 4148 καί
1034 4079 1198 4168 εἰληφέναι
1220 4088 1298 4153 satis
1321 4090 1430 4158 tritum

258 4199 320 4264 est,
344 4197 380 4250 ut
402 4187 487 4276 apud
508 4185 726 4275 1111101111).
748 4190 844 4252 1261.
867 4186 1022 4262 πολλοίκις
1041 4191 1109 4272 περί
1129 4192 1257 4274 ἑταίρας
1275 4199 1332 4263 καὶ
1350 4203 1436 4276 είλη-

296 4480 315 4549 1)
334 4480 484 4546 Saepissime
502 4479 655 4532 Xnnornorr
673 4485 760 4545 παίω,
779 4485 867 4534 παίσω
885 4492 910 4535 et
927 4485 1026 4555 ἔπαισα
1044 4485 1141 4546 scribit,
1164 4486 1208 4536 ubi
1224 4487 1306 4540 Attici
1324 4496 1437 4552 πατάξω

261 4578 286 4621 ei
304 4567 426 4623 irrorata
444 4566 605 4630 scripsissent.
641 4567 692 4619 Sed
710 4570 736 4618 in
759 4566 872 4618 Anabast'
886 4570 935 4621 IV.
953 4585 981 4619 11.
996 4575 1020 4619 8.
1042 4566 1117 4618 λίθοι
1140 4572 1271 4630 ποιέοντες
1294 4581 1364 4638 πρὸς
1390 4582 1436 4637 rde

264 4658 367 4721 πέτρας
382 4651 739 4718 diroorrdoro'rrro‚‚optime
754 4652 911 4705 Sentinum
928 4656 1075 4711 πταίοντες
1090 4655 1239 4706 emendavit.
1264 4657 1296 4708 ci.
1314 4661 1438 4713 Basnurt

270 4737 391 4789 Cononem.
409 4737 543 4803 Pauoyr.
560 4753 584 4802 ρ.
605 4741 665 4788 748.
