3309 5750
858 623 923 687 266

308 824 345 890 τό
375 822 433 887 ὑπό
462 830 501 904 τῇ
526 816 691 900 ἀκροπόλει
721 818 875 894 σπήλαιον
899 822 991 883 τοῦτο
1016 817 1277 898 ἀπολαβόμενος,
1314 817 1490 887 infeliciter

311 925 485 994 admodum
504 925 644 991 Brnnsn
663 922 922 1002 ἀποταμόμενοι,
945 925 1033 1014 quod
1051 936 1084 991 et
1102 922 1249 991 ionicum
1268 937 1321 991 est
1342 937 1376 993 et
1396 927 1488 1018 plane

310 1034 352 1099 eb
369 1033 431 1098 hoc
445 1042 634 1122 argumento
649 1028 801 1093 alienum.
823 1026 954 1119 corrige
968 1031 1249 1109 καταλαβόμενοςι
1267 1031 1338 1097 ἀπό
1354 1043 1391 1098 et
1407 1034 1487 1101 κατιί

311 1139 473 1206 simillima
502 1149 578 1203 note
605 1136 783 1226 pinguntur
808 1145 841 1198 et
860 1134 1160 1213 καταλαμβάνομαι
1181 1136 1276 1201 τόπον
1302 1159 1366 1227 pro
1388 1162 1484 1205 κατοι-

309 1243 470 1324 λαμβάνιι
492 1243 605 1309 ritium
626 1252 673 1306 est
692 1238 840 1304 omnibus
859 1240 1060 1329 sequioribus
1076 1260 1248 1306 commune
1268 1254 1304 1307 et
1326 1242 1484 1335 frequens

312 1352 408 1440 510.
439 1347 555 1430 τρόχον
585 1346 703 1427 ἔνορχιν
731 1344 825 1409 scrib.
854 1345 993 1426 ἐνόρχην.
1032 1346 1144 1413 Anlsr.
1169 1349 1235 1414 Au.
1263 1351 1344 1415 669.
1380 1352 1485 1434 σέρφον

311 1456 439 1535 ἐνόρχην
461 1451 670 1537 σφαγιάζειν,
702 1451 758 1516 ubi
780 1451 859 1516 olim
880 1449 998 1531 ἔνορχιν
1019 1453 1194 1543 legebatur.
1230 1458 1248 1542 §
1272 1460 1327 1523 12.
1356 1456 1483 1525 ἀκούετε

310 1559 388 1641 λεῴς
406 1558 499 1625 scrib.
509 1556 587 1639 λεῴ,
601 1568 634 1623 et
649 1558 896 1635 καταςησίμεόα
908 1579 968 1645 pru
980 1560 1244 1638 consecutiestis.
1265 1566 1353 1651 520.
1373 1564 1483 1640 ἤκουον,

311 1678 397 1732 reete
429 1664 506 1732 cod.
526 1663 569 1729 M.
596 1663 696 1729 ἀκούω
716 1662 748 1727 id
770 1675 817 1728 est
828 1664 944 1751 fando
964 1664 1084 1730 audivi
1102 1677 1179 1731 noto
1200 1689 1269 1733 usu.
1304 1672 1324 1754 S
1348 1673 1405 1735 21.
1428 1694 1483 1736 πα-

309 1773 397 1849 τάξω
414 1774 457 1853 τῷ
476 1770 576 1851 ξύλῳ,
597 1769 770 1835 rectissime
790 1768 869 1836 cod,
882 1767 920 1834 A.
944 1770 1095 1847 πατοίξαε
1116 1773 1159 1852 τῷ
1182 1771 1267 1855 ξύλῳ
1281 1812 1398 1854 ---,
1417 1796 1483 1840 σοιν

310 1875 477 1942 Discursus
507 1874 696 1941 senteutiam
731 1897 796 1941 nou
826 1874 963 1940 absolvit
993 1874 1047 1940 sed
1080 1876 1273 1967 necopinato
1308 1880 1483 1970 fugientem

307 1982 518 2074 persequitur.
552 1986 570 2067 §
591 1982 644 2044 26.
666 1980 705 2051 ἀρ
727 1982 901 2062 προρίρημαι
921 1981 974 2046 καί
992 1982 1197 2062 βεβούλημαι
1215 1988 1272 2061 τὴν
1291 1989 1482 2069 κατηγορίαν

308 2089 405 2153 όάσαι
428 2087 632 2161 ποιήσασθαι,
650 2085 765 2175 supple
784 2085 862 2152 οὕτω
881 2089 938 2163 τὴν
955 2089 1147 2170 κατηγορίαν
1169 2106 1358 2183 comparato
1381 2094 1485 2160 iinc-

312 2210 437 2258 stnnnn
457 2216 487 2283 p.
508 2192 654 2268 226,12.
679 2195 763 2279 527.
788 2193 991 2270 ἐμαντεύοντο
1010 2215 1125 2261 reuoca
1138 2199 1319 2277 ἕμνιίςενον.
1340 2201 1485 2287 (11829.

310 2298 533 2377 μνηςενόντοιν.
559 2301 576 2384 §
597 2300 652 2361 33.
677 2296 865 2361 διπλασίονα
887 2298 1087 2376 ἀποισόμενοι
1107 2301 1159 2365 τόν
1182 2303 1309 2381 μισόόν,
1335 2306 1371 2372 in
1397 2309 1483 2374 dest

310 2402 498 2470 διπλασίονα
522 2402 734 2481 ποιησόμενοι,
767 2401 854 2492 quod
882 2415 995 2469 nutum
1021 2427 1088 2470 esse
1113 2420 1245 2497 sppsret
1265 2434 1303 2476 er
1323 2414 1483 2483 διπλάσιον

311 2507 526 2587 ἀποισόμενοιε
551 2508 706 2573 debuerat
724 2508 863 2573 scribere
882 2509 1033 2582 cismo-ss.
1060 2532 1134 2576 nem
1153 2516 1262 2590 μισόόν
1281 2518 1393 2599 φέρειν
1409 2520 1485 2587 benc

311 2614 469 2681 Graecum
500 2625 567 2694 cst,
598 2637 663 2679 non
692 2614 918 2695 ἀποφέρεσθαι.
968 2613 1092 2681 Deinde
1116 2629 1306 2699 προσωπεῖον
1336 2625 1483 2701 ἐπέθηκε,

310 2720 394 2786 male
415 2743 474 2810 pro
495 2721 668 2801 neritinus:
690 2718 788 2808 poulo
813 2730 885 2807 post
904 2741 962 2809 pro
982 2730 1164 2788 ressuscites
1183 2732 1304 2812 repone
1319 2735 1482 2795 τελευτῶν.

310 2829 397 2915 534.
418 2828 450 2892 οὐ
473 2823 594 2899 ποίιτη,
621 2834 653 2889 et
672 2820 725 2888 hic
745 2823 848 2889 scribe
868 2826 900 2889 οὐ
925 2822 1008 2889 πάνν
1031 2847 1073 2889 τι.

357 2931 419 3015 Qui
449 2931 592 3019 sequitur
619 2929 702 2994 iiber
729 2931 796 3010 περὶ
818 2928 1013 3011 παρασίτου.
1048 2928 1089 2997 de
1112 2955 1150 3000 ec
1171 2933 1249 3002 olim
1275 2960 1375 3028 quem
1396 2941 1485 3033 potui

310 3034 553 3124 diligentissime
583 3034 651 3123 egi,
684 3054 771 3097 nunc
800 3055 902 3097 unum
932 3044 1057 3100 tontum
1088 3037 1200 3104 sitium
1221 3065 1371 3132 arguam,
1401 3047 1486 3138 quod

312 3139 418 3207 adhuc
448 3139 554 3205 nescio
583 3139 754 3230 quomode
771 3139 882 3228 effugit
910 3139 943 3204 in
966 3145 984 3228 S
1007 3147 1038 3208 1.
1062 3145 1096 3208 αί
1126 3148 1254 3228 πονηραί
1278 3151 1398 3234 χύτραι
1418 3154 1486 3218 διοι-

312 3244 491 3327 κρουόμεναι
528 3246 573 3323 μὴ
609 3246 717 3326 σαόρόν
755 3245 1039 3330 ὑποφόέχχανπαι,
1077 3271 1195 3340 nempe
1227 3253 1485 3334 ὑποφόέγρονται

315 3350 519 3419 scribendum
539 3362 600 3432 est,
620 3373 660 3416 ne
679 3349 733 3416 hic
752 3351 819 3441 ipse
838 3351 929 3417 locus
948 3361 1041 3416 sonet
1060 3359 1188 3422 oileum.
1212 3357 1256 3425 Ut
1275 3360 1361 3451 opud
1386 3361 1488 3428 nom-

312 3475 418 3525 nlnnn
441 3456 594 3548 scriptum
618 3467 666 3521 est
689 3455 722 3523 iu
746 3459 947 3524 Phoenissis
970 3480 1014 3524 rs.
1035 3462 1088 3525 92.

539 3561 673 3642 ἐπίσχες
697 3563 736 3633 ὡς
760 3560 799 3628 ἀν
823 3561 1066 3643 προόξερειινιίσα
1090 3563 1179 3643 τίβον

537 3667 582 3746 μοί
605 3672 811 3739 τιν’πολιτῶν
836 3668 866 3732 ἕν
889 3667 986 3749 τρίβῳ
1009 3669 1223 3753 φαντάζεται.

316 3774 361 3842 sic
390 3771 513 3839 ridebis
540 3784 573 3838 et
599 3772 682 3862 opud
707 3784 848 3838 caeteros
877 3795 986 3839 omnes
1006 3785 1038 3839 et
1060 3777 1145 3866 opud
1166 3777 1348 3846 anlsnun
1365 3783 1413 3862 μή
1433 3780 1490 3850 illo

317 3901 410 3947 seusu
430 3876 638 3943 indicativum
659 3875 793 3956 habere,
816 3890 853 3943 ut
875 3881 932 3957 10,
952 3882 1007 3958 16,
1025 3883 1055 3944 2.
1078 3878 1133 3961 όρα
1153 3884 1198 3960 μὴ
1213 3886 1249 3949 τί
1268 3885 1407 3951 ἐναντίον
1425 3887 1487 3961 cst,

318 3989 381 4062 52,
398 3986 454 4048 29.
477 3979 532 4063 όρα
555 3983 599 4059 μὴ
622 3980 715 4045 τοῦτό
734 3986 814 4061 φησι
839 3981 1017 4062 Τνχιοίδκε.
1044 3989 1103 4064 33,
1122 3989 1176 4052 83.
1200 3991 1226 4054 οί
1249 3990 1281 4054 δὲ
1305 3990 1487 4057 ὑπώπτευον

317 4089 362 4168 μὴ
395 4083 457 4165 ἀρα
490 4086 525 4149 ἐκ
557 4091 614 4158 τῆς
642 4082 729 4162 ἀναν
756 4086 918 4162 μιμήσεως
950 4089 994 4159 είς
1021 4090 1077 4165 την
1107 4098 1162 4158 τοῦ
1192 4092 1308 4166 πάόονς
1340 4097 1490 4172 ἀλιίόειοιν

319 4190 495 4270 ὑπηνέχθη,
518 4199 550 4254 et
568 4187 647 4253 olibi
667 4187 801 4277 saepius.
832 4189 1037 4283 Ubicumque
1061 4209 1169 4263 sutem
1192 4201 1363 4266 metuendi
1377 4212 1412 4267 et
1434 4226 1490 4269 εα-

302 4295 420 4383 Ιιιοιοιίι·
436 4294 524 4360 notio
543 4294 652 4360 subest
670 4294 893 4362 coniunctium
910 4310 958 4364 est
975 4303 1189 4382 necessarius,
1211 4305 1321 4394 itaque
1339 4306 1490 4397 imperite

321 4402 540 4469 Fnlrzscnlus
569 4404 631 4480 52,
655 4404 708 4470 20.
741 4402 919 4492 corrigebat
949 4401 1004 4484 όρα
1031 4411 1077 4486 μοί
1104 4432 1150 4474 σοι
1179 4411 1402 4489 μεταμελήσει
1432 4433 1492 4503 pre

318 4510 540 4589 μεταμελήση.
776 4567 780 4572 ,
1204 4553 1212 4564 .

367 4610 406 4676 In
425 4611 662 4679 Ᾰπαοίιανείαίο
683 4616 739 4693 49,
762 4615 791 4678 1.
814 4614 971 4694 ἐγχέλυες
990 4614 1083 4682 scrib.
1103 4617 1253 4698 ἐγχέλεις
1260 4668 1270 4699 ,
1292 4620 1333 4687 cf.
1354 4628 1372 4711 ς
1392 4625 1443 4691 23·
1460 4631 1493 4687 et

324 4719 363 4795 9,
384 4719 435 4794 11,
451 4719 483 4782 2.
504 4720 525 4804 5
540 4717 589 4807 16.
610 4716 760 4798 προτέρων
780 4718 865 4784 mule
886 4741 946 4808 pro
963 4719 1116 4803 πρότερον.
1142 4729 1160 4811 §
1177 4727 1231 4793 26.
1248 4727 1319 4801 τοὺς
1334 4727 1389 4799 καὶ
1406 4753 1492 4808 ναμ-
