3309 5750
737 664 804 728 333

175 884 286 942 σσμεν,
312 859 399 950 quod
420 863 538 937 σεμνῶς
558 856 693 934 dicitur,
719 856 893 922 formarum
912 870 948 923 nt
965 861 1108 947 κλαήσιν,
1125 862 1347 947 καθιζνίτσμαι,

177 970 292 1043 london
315 971 387 1055 (pro
408 964 515 1052 δόξω),
538 964 712 1041 βαλλήσα,
738 964 853 1029 similia
878 978 901 1030 ¹.

220 1074 316 1137 Hunc
342 1072 439 1161 igitur
460 1080 659 1135 constantem
684 1080 716 1133 et
736 1081 928 1159 perpetuum
951 1072 1162 1161 Antiquitatis
1181 1097 1272 1141 usum
1294 1099 1348 1141 se·

176 1181 289 1258 riores,
319 1180 394 1268 quia
415 1199 589 1267 numquam
609 1175 914 1255 animadverterant,
934 1178 1071 1243 retinere
1090 1191 1122 1244 et
1140 1179 1258 1245 imitari
1280 1203 1348 1254 non¹

171 1297 361 1377 potuerunt,
390 1296 422 1350 et
441 1282 620 1372 analogiam
640 1305 699 1373 pro
724 1303 788 1347 usu*
802 1283 903 1348 secuti
922 1284 1039 1349 multas
1061 1285 1121 1376 ipsi
1141 1286 1259 1351 formas
1279 1288 1344 1352 lin·

134 1388 139 1397 “
173 1403 284 1458 rerunt
313 1391 353 1456 de
383 1413 441 1456 sno
472 1389 640 1454 Veteribus
664 1389 811 1454 omnibus
830 1412 959 1480 prorsus
978 1391 1101 1480 ignotas
1122 1405 1154 1459 et
1173 1391 1342 1458 inauditas.

170 1497 307 1564 Ridetur
326 1496 517 1574 Graeculus,
534 1497 590 1584 qui
608 1518 644 1560 ex
663 1496 757 1559 ίπνίω
778 1515 836 1560 suo
856 1496 957 1561 Marte
977 1497 1127 1563 formarit
1146 1499 1281 1574 ὠσθθνν,
1308 1510 1341 1563 et

169 1614 217 1668 est
247 1625 321 1667 sane
350 1599 413 1666 boc
442 1600 664 1691 permantum,
693 1598 748 1664 sed
775 1623 839 1665 non
861 1601 966 1666 multo
989 1604 1120 1669 meliora
1140 1615 1233 1681 suut,
1257 1626 1342 1693 quae

170 1708 341 1773 Lucrinus
371 1729 443 1772 cum
469 1704 657 1796 aequalibus
677 1718 822 1795 usurpat,
842 1718 897 1771 aut
916 1704 1025 1772 Ionica
1046 1708 1160 1775 Atticis
1179 1707 1263 1772 male
1283 1707 1342 1773 ad·

171 1816 267 1880 mixta
285 1823 498 1903 ponens,aut
519 1835 598 1877 nora
617 1834 654 1876 ex
674 1811 833 1877 veteribus
853 1824 963 1878 contra
980 1835 1072 1879 nsum
1091 1814 1236 1880 formata.
1270 1823 1348 1877 Πα,

169 1919 276 1985 τιίσσω
306 1931 395 1984 retus
422 1918 556 1983 verbum
585 1914 733 1981 ionicum
762 1929 828 1996 est,
859 1918 948 2007 quod
973 1918 1054 1983 nibil
1075 1919 1162 1985 aliud
1183 1919 1340 2009 siguificat
1372 1920 1375 1926 ’
1458 1949 1462 1956 ’

171 2024 266 2114 quain
280 2024 432 2114 papiro,
456 2021 563 2101 κραδίη
589 2021 717 2101 ςίρνοισι
737 2020 914 2096 πατνίσσει,
946 2024 1039 2103 θνμθς
1063 2025 1104 2089 ε’νί
1127 2026 1252 2101 ςήθεσσι
1268 2027 1340 2091 ’παί-

168 2154 285 2194 σασσεν
305 2140 337 2192 et
356 2127 417 2191 alia
439 2123 524 2213 apud
546 2124 728 2190 floarnuu.
775 2124 978 2216 ineptissime
999 2128 1096 2219 igitur
1116 2130 1240 2221 scripsit
1259 2132 1341 2198 Aul·

170 2252 295 2310 srrnns,
317 2234 409 2296 cuius
427 2231 534 2297 locum
555 2229 714 2294 Druncnn.
736 2230 775 2295 ad
795 2230 964 2298 Srsrniru
988 2234 1195 2301 Thesaurum
1214 2239 1342 2305 attulit:

170 2339 256 2404 παίσι
281 2338 334 2402 καί
358 2334 457 2416 θχχσι
478 2335 531 2398 καί
558 2334 717 2398 πατιίττνι
740 2336 812 2407 τοὺς
838 2338 970 2412 aeraria,
1003 2362 1098 2428 quam
1121 2340 1254 2407 sormam
1277 2346 1344 2435 ipse

172 2467 209 2509 ex
231 2442 381 2519 ἕσαταξα
400 2440 526 2519 elicuit,
549 2437 648 2528 idque
669 2460 708 2504 eo
726 2440 908 2524 infelicius,
933 2445 1021 2533 quod
1044 2445 1148 2512 Attica
1169 2448 1269 2513 forma
1292 2451 1344 2513 in-

173 2549 244 2614 duit
275 2546 484 2625 vocabulum,
516 2545 602 2635 quod
628 2567 803 2635 numquam
834 2547 867 2612 in
889 2572 1065 2617 sermonem
1091 2545 1233 2619 Atticum
1254 2578 1343 2622 rece·

172 2668 265 2747 ptum
295 2665 350 2719 est.
398 2651 583 2717 llidiculum
612 2653 659 2715 esl
687 2650 794 2717 dicere
816 2651 959 2730 ἄνασσα,
986 2657 1153 2736 Λίβυσσα,
1180 2660 1344 2743 Φοίνισσα,

172 2760 366 2843 βασίλισσα,
396 2759 572 2840 χαρίεσσα,
603 2747 797 2837 πτεροῦσσα,
833 2770 889 2823 aut
916 2759 1058 2843 σίνιίστω,
1082 2763 1231 2838 πτήσσω,
1265 2766 1347 2849 alia,

172 2865 288 2957 quibus
315 2863 454 2954 populus
484 2885 547 2927 non
578 2860 742 2941 utebatur,
771 2875 802 2929 at
823 2869 956 2948 Θρᾷττα
977 2866 1097 2956 optime
1117 2864 1215 2934 habet
1236 2882 1268 2935 et
1285 2897 1344 2951 με·

169 2977 339 3045 λισνῦττα,
371 2969 446 3060 quia
470 2968 529 3034 toti
558 2968 680 3058 populo
709 2982 799 3035 erant
828 2970 863 3035 in
889 2993 953 3039 ore.
1002 2973 1122 3039 Eadem
1149 2974 1250 3041 lorma
1276 2977 1345 3045 Lu·
1446 3043 1448 3048 ,

171 3094 270 3143 curto
290 3076 338 3141 nti
357 3076 477 3166 placuit
498 3075 557 3153 51,
582 3078 630 3139 19.
654 3073 707 3139 καὶ
728 3074 854 3156 ίμνρθς
877 3078 1106 3154 πατασσέσθω,
1133 3103 1233 3169 quum
1251 3081 1346 3152 lones

171 3183 314 3248 dicerent
335 3181 526 3250 τύπτεσθαι,
546 3178 733 3253 κόπτεσθαι,
751 3181 966 3264 πλήττεσθαι,
984 3183 1165 3259 πλήξασθαι
1186 3189 1228 3251 τὼ
1244 3190 1347 3271 appol,

172 3286 381 3353 Athenienses
401 3285 564 3355 παίεσθαι,
588 3282 775 3348 παίσασθαι.
812 3281 1000 3374 Cyropaed.
1024 3285 1091 3351 vlt.
1102 3305 1151 3354 111.
1165 3294 1195 3354 6.
1216 3293 1229 3354 ὁ
1248 3299 1344 3374 Κῦρος

171 3392 328 3458 ἐπαίσατο
352 3388 414 3470 ίιρα
432 3389 485 3452 τὸν
508 3385 617 3467 μνρθνε
642 3385 787 3475 analogia
805 3389 958 3477 deceptus
978 3391 1102 3479 putarit
1122 3394 1345 3463 σατιίσσεσθαι

173 3499 234 3565 sibi
254 3496 360 3562 dicere
380 3495 484 3560 licere.
532 3490 687 3558 Similiter
707 3497 766 3573 33,
790 3498 840 3559 10.
868 3516 935 3558 non
963 3495 1122 3562 dubitarit
1145 3499 1251 3564 dicere
1271 3501 1346 3565 σαί-

173 3627 287 3676 σαντες
313 3601 365 3667 καὶ
392 3591 575 3670 παισθέντες
598 3599 628 3661 ἐν
653 3598 695 3678 τῷ
721 3597 822 3678 talpae,
856 3621 956 3688 quum
984 3600 1114 3666 deberet
1141 3602 1346 3679 πατιίξαντες

174 3709 226 3774 καί
257 3705 445 3785 πληγέντες.
494 3703 547 3768 Bis
575 3702 722 3793 peccavit
750 3702 783 3767 in
814 3707 873 3783 49,
896 3709 926 3769 3.
952 3716 985 3769 et
1005 3710 1022 3793 §
1043 3710 1095 3771 40.
1127 3708 1348 3787 παταχθέντος

174 3813 217 3885 εἷς
242 3814 298 3886 τὴν
321 3811 453 3891 χνιίθσν,
479 3810 543 3876 sire
568 3808 748 3889 ταταχθεὶς
774 3811 829 3884 τὴν
854 3809 983 3889 χνσίθρν,
1006 3823 1037 3876 et
1058 3813 1076 3896 §
1096 3815 1148 3876 40.
1172 3811 1258 3875 κατα
1282 3810 1348 3892 κθρ-

174 3943 226 4000 ρνς
249 3919 473 3998 παταχθῆναι,
509 3938 604 3981 nemo
634 3936 784 4004 umquam
809 3917 858 3981 sic
887 3915 1014 3982 locutus
1041 3930 1089 3982 est
1108 3939 1169 4006 pro
1191 3915 1346 3994 πληγείς,

175 4027 356 4099 πληγῆναι,
380 4019 431 4084 rel
449 4019 724 4096 πληγθνλαβών,
749 4022 879 4099 λαβεῖνε
904 4020 982 4087 dicit
1006 4023 1194 4102 ἕπατιίχθνν
1216 4031 1251 4085 ut
1270 4021 1348 4085 alibi

173 4126 362 4205 αατθαχρσαι
386 4135 419 4188 et
438 4124 620 4204 κασειίχθνν
642 4127 715 4213 (pro
735 4127 886 4205 κατέαγα
907 4139 938 4194 et
960 4129 1138 4215 κατεαγνν)
1168 4127 1347 4216 analogiam

174 4243 302 4298 secutus
321 4241 424 4321 spreta
442 4239 497 4292 aut
516 4227 658 4316 ignorata
677 4231 918 4297 consuetudine.
953 4233 1057 4297 Etiam
1080 4234 1111 4297 in
1135 4233 1221 4297 κατα
1243 4233 1349 4313 κθρρνς

175 4348 274 4415 errat,
305 4336 391 4427 quod
413 4355 507 4424 saepe
527 4345 559 4398 et
577 4332 728 4401 lubenter
746 4335 839 4424 ponit
858 4361 917 4428 pro
938 4339 988 4402 ἐπὶ
1015 4339 1135 4420 κόρρης,
1168 4350 1203 4402 ut
1224 4359 1350 4427 semper

192 4523 424 4539 ——-——

212 4615 233 4679 1)
250 4617 319 4666 Hinc
336 4616 403 4680 apud
421 4613 583 4664 Hnencuruu
599 4615 701 4665 restitue
725 4617 874 4682 rcarqu'or:
890 4615 1042 4683 uipereor,
1065 4627 1094 4668 ut
1111 4626 1147 4668 cst
1164 4619 1192 4668 in
1212 4618 1287 4667 unico
1304 4616 1351 4666 Co

175 4701 238 4749 dico.
273 4699 343 4748 Malo
368 4699 483 4747 homines
506 4698 572 4748 docti
589 4701 719 4750 amarior
741 4707 906 4765 receperunt,
928 4701 995 4767 qnod
1016 4704 1138 4772 signifieat
1161 4699 1284 4752 luctandum
1301 4708 1349 4761 ast,

173 4783 240 4850 apud
257 4783 420 4842 recentiores,
437 4783 482 4846 qni
499 4781 596 4837 παῖξαι
614 4799 659 4849 pro
677 4793 775 4836 παῖσαι
793 4784 918 4834 dicebant
