3309 5750
880 629 920 689 78

312 816 437 887 γῆμαι
461 805 512 871 ἐπὶ
533 809 586 869 τοῦ
610 804 712 885 ἀνδρὸς
737 802 888 880 λέγεται,
912 802 1111 880 γήμασθαι
1131 802 1162 865 δὲ
1184 802 1233 866 ἐπὶ
1253 811 1308 879 τῆς
1329 806 1494 883 γυναικὸς,

312 916 345 979 οὐ
366 912 609 992 γαμηθῆναι,
635 907 690 973 sed
714 915 846 993 peccant
872 908 1054 993 scriptores,
1080 906 1173 993 Apud
1197 908 1396 976 Pcurnacenn
1417 911 1493 998 legi·

316 1025 374 1084 tur
398 1018 577 1097 γαμηθῆναι
602 1014 635 1079 ln
672 1012 785 1077 Theseo
808 1018 873 1088 20,
900 1013 996 1077 Cicer.
1023 1016 1084 1089 29,
1108 1015 1352 1093 γαμησομένην,
1378 1016 1491 1083 Artax.

312 1127 374 1200 26,
398 1121 591 1202 γαμηθείσης
604 1117 717 1184 Antan.
732 1122 769 1194 2,
793 1119 992 1198 γαμηθεῖσαν
1018 1117 1158 1194 Coreli,
1180 1119 1297 1185 similia
1322 1121 1408 1187 alibi.
1455 1124 1492 1190 ln

312 1228 423 1295 eadem
443 1246 478 1291 re
502 1224 584 1289 alius
610 1231 658 1290 est
675 1223 799 1288 bocum
818 1232 850 1287 et
869 1222 1098 1288 Graeculorum
1123 1242 1231 1289 error:
1257 1227 1388 1292 verbum
1413 1231 1495 1314 pris·

311 1352 387 1399 cum
414 1340 447 1397 et
470 1330 546 1395 olim
567 1330 817 1395 intermortuam
843 1328 959 1393 revixit
977 1330 1071 1395 οπνίο
1089 1330 1156 1395 sive
1177 1331 1282 1406 οπύο,
1306 1333 1390 1418 quod
1408 1336 1493 1421 apud

310 1437 461 1505 llonnnuu
478 1434 641 1520 signiticat
661 1433 838 1513 γεγάμηκα
851 1483 859 1510 ,
873 1432 956 1498 idem
977 1434 1010 1498 in
1035 1434 1161 1501 Sononrs
1185 1435 1307 1520 legibus
1330 1441 1493 1519 exstabat,

312 1542 396 1630 qnod
426 1549 458 1607 et
487 1540 615 1607 aliunde
642 1547 754 1605 nolum
786 1546 819 1605 et
849 1538 1009 1623 imprimis
1039 1558 1079 1604 ex
1106 1539 1258 1606 Hesrcuro
1282 1562 1311 1606 v.
1343 1555 1493 1613 Βεινεῑν

314 1649 458 1737 (antique
480 1667 535 1733 pro
556 1644 682 1733 βινεῖν);
709 1644 795 1726 παρα
820 1643 936 1708 Σόλωνι
960 1645 996 1709 τὸ
1014 1643 1073 1727 βίρι
1092 1646 1295 1723 συγγίνεσθαι
1321 1647 1380 1736 (sic
1401 1650 1494 1739 leg),

309 1754 346 1819 rb
369 1753 401 1817 δὲ
424 1753 511 1819 κατα
533 1752 621 1831 νόμον
652 1750 809 1824 tndem
840 1748 915 1813 hinc
940 1750 1104 1833 sequiores
1120 1751 1327 1835 arripuerunt
1348 1751 1414 1820 lere
1434 1756 1493 1822 las-

310 1859 381 1922 civo
419 1877 533 1934 sensu,
569 1876 632 1942 quo
659 1864 691 1920 et
725 1855 874 1919 Lucrinus
902 1852 1038 1918 subinde
1072 1853 1239 1934 abutitur,
1277 1866 1313 1922 ut
1343 1865 1406 1937 17,
1439 1866 1494 1930 ll.

308 1963 427 2045 Τηρεὺς
453 1963 499 2027 δύ’
523 1961 668 2043 ἀδελφὰς
698 1957 769 2039 ἅμα
792 1960 924 2024 dunler:
945 1958 1080 2024 emenda
1111 1959 1216 2025 locum
1244 1967 1305 2036 55,
1330 1968 1381 2028 12.
1409 1968 1436 2031 οἱ
1460 1969 1492 2034 δὲ

311 2066 356 2134 ἔτι
381 2065 570 2147 γελοιότερον
596 2064 695 2142 ἠξίουν
726 2065 1012 2144 μεσαςειλαμένοος
1043 2065 1152 2140 τινας
1181 2074 1240 2132 τῶν
1271 2067 1306 2143 ἐξ
1324 2072 1492 2151 οἰκήματος

311 2180 463 2249 γυναικῶν
483 2173 619 2239 κελεύειν
646 2170 739 2237 αὐτὸν
774 2171 920 2258 [συνεῖναι
944 2170 1014 2256 καὶ]
1040 2170 1173 2247 ὀπυίειν,
1205 2173 1306 2238 satius
1329 2177 1392 2239 erit
1420 2179 1491 2244 cerri

309 2296 462 2363 reponere
489 2297 546 2364 pro
580 2275 667 2351 τινας
701 2282 733 2341 et
764 2285 897 2343 conciret
927 2277 981 2341 κατ’
1008 2294 1200 2362 expungere.
1248 2278 1366 2344 Eodem
1396 2302 1492 2350 seusu

307 2381 425 2448 lascivo
443 2390 475 2448 et
499 2404 614 2469 spurco
638 2381 867 2449 Graeculorum
888 2384 951 2449 scri
971 2388 1119 2466 nepoleS,
1140 2383 1196 2467 qui
1218 2402 1303 2447 nunc
1330 2386 1492 2455 Graeciam

308 2487 474 2566 incolunt,
494 2488 599 2569 γαμος
623 2495 655 2553 et
670 2497 789 2567 γαμεῖν
809 2488 963 2553 dicuntur
986 2487 1102 2553 dicere.
1149 2487 1315 2553 Caeterum
1340 2493 1492 2575 quemad-

308 2591 438 2662 modum
461 2592 606 2661 luturum
630 2600 725 2674 γαμῶ
744 2592 972 2680 propemodum
991 2592 1133 2668 interiit,
1153 2593 1199 2657 sic
1220 2612 1310 2659 rarae
1333 2597 1490 2681 quaedam

307 2696 402 2782 longo
430 2700 596 2766 intervallo
627 2699 711 2786 apud
735 2699 888 2763 Luernnrnr
921 2704 1091 2782 emergunt
1126 2695 1279 2782 reliquiae
1301 2698 1491 2770 lormarum

308 2802 480 2882 similium,
502 2826 582 2892 quae
597 2804 679 2892 {olim
706 2802 791 2889 apud
823 2822 933 2868 omnes
956 2811 1029 2867 ante
1053 2802 1225 2866 dcnxnnnnr
1247 2812 1382 2870 mortem
1407 2808 1492 2878 solae

307 2908 468 2993 vigebant.
519 2912 678 2977 Futurum
699 2917 747 2974 est
770 2914 828 2984 14,
853 2911 894 2973 27
923 2908 1079 2985 1111.ὑμο7ς
1108 2909 1139 2980 ἐς
1160 2908 1260 2990 αὔριον
1289 2923 1489 2993 παρακαλοῦ-

307 3037 387 3091 μεν,
416 3015 443 3078 si
466 3015 542 3100 quill
567 3013 681 3080 scribis
704 3012 896 3078 suboluisset
920 3033 1005 3078 nuno
1028 3015 1288 3094 παρακαλέσομεν
1309 3018 1489 3103 legeretur,

308 3126 346 3183 ut
368 3119 512 3184 καλέσειν
535 3123 596 3196 52,
619 3123 671 3184 19.
702 3117 954 3199 προσκαλέσομαι
980 3122 1038 3195 47,
1063 3121 1093 3182 9.
1126 3120 1264 3186 τελέσειν
1287 3127 1349 3198 67,
1374 3132 1432 3202 11,
1458 3133 1489 3194 2.

307 3223 505 3290 ὑποτελέσειν
529 3230 593 3302 41,
618 3230 670 3291 511.
704 3223 907 3290 ἀποτελέσειν
932 3229 991 3300 30,
1022 3230 1072 3289 11.
1100 3223 1224 3290 ε’λοὶσειν
1247 3231 1308 3302 66,
1334 3234 1388 3296 55.
1412 3257 1491 3316 παρ-

306 3327 433 3395 ελοέσειν
454 3335 518 3407 42,
544 3334 596 3395 22.
621 3329 863 3410 διασκεδάσομεν
876 3334 937 3408 67,
959 3334 1044 3406 9,5.
1068 3331 1229 3396 οὶπολέσων
1250 3337 1377 3410 41,53.
1403 3337 1491 3407 alibi.

306 3433 360 3498 Bis
393 3435 425 3499 in
450 3435 560 3501 eodem
584 3436 680 3504 verbo
711 3444 879 3522 peccatum
909 3443 958 3501 est
982 3439 1046 3513 42,
1071 3441 1123 3501 51.
1160 3439 1248 3515 κάγὼ
1272 3439 1356 3503 οὐδέν
1378 3466 1409 3507 τι
1433 3451 1488 3511 τοῦ

304 3542 584 3622 παρακαλέσαντος
600 3544 643 3615 εἰς
667 3547 756 3609 τοῦτο
779 3541 937 3620 δεόμενος,
963 3539 1016 3604 ubi
1036 3552 1124 3607 certa
1148 3541 1198 3607 lex
1220 3545 1378 3609 sermonis
1400 3549 1491 3618 iubet

305 3642 454 3711 futurum
486 3668 618 3734 ponere;
652 3653 706 3713 τοῦ
743 3650 999 3728 παρακαλοῦντος
1023 3647 1200 3730 genuinum
1235 3667 1305 3713 esse
1330 3650 1489 3734 arbitror,

305 3748 389 3834 quod
418 3771 559 3836 primum
584 3753 616 3816 in
641 3751 911 3832 παρκκκλέσοντος
941 3747 1074 3827 abierit,
1109 3749 1224 3817 deinde
1254 3752 1287 3817 in
1318 3757 1487 3827 aoristum.

303 3852 340 3919 In
375 3854 487 3921 multis
513 3856 629 3922 horum
661 3873 778 3939 anceps
808 3860 841 3919 et
868 3852 1019 3938 ambigua
1050 3873 1101 3920 res
1133 3865 1182 3922 est
1210 3865 1351 3925 statuere
1376 3872 1487 3932 utrum

304 3958 443 4044 scriptor
466 3961 533 4046 ipse
563 3979 603 4025 an
636 3958 758 4024 scribae
785 3965 817 4023 et
841 3956 930 4022 scioli
961 3960 1117 4043 arguendi
1145 3962 1226 4028 sint:
1260 3965 1292 4027 in
1325 3970 1489 4038 nonnullis

304 4081 481 4150 numquam
515 4064 548 4129 id
582 4064 661 4129 satis
698 4071 787 4128 corto
818 4061 937 4127 indicio
960 4066 1075 4149 poterit
1107 4065 1251 4143 definiri;
1282 4070 1342 4136 boc
1375 4075 1488 4161 utique

302 4169 339 4234 in
363 4169 508 4245 Lucrino,
535 4177 570 4236 ut
598 4169 631 4235 in
657 4170 864 4244 Aicrrnaonr,
888 4177 925 4234 ul
951 4178 1060 4255 postea
1086 4172 1118 4238 in
1145 4174 1237 4251 aliis,
1262 4178 1341 4241 satis
1364 4177 1487 4246 habebo

302 4273 436 4351 vicisse,
463 4294 525 4339 non
559 4276 665 4341 omnia
692 4273 879 4360 imputanda
903 4293 972 4341 esse
1002 4285 1179 4365 utcumque
1202 4278 1291 4345 loeda
1322 4289 1355 4347 et
1379 4288 1487 4372 turpia

301 4377 381 4442 vitia
402 4377 566 4443 bominum
591 4388 837 4467 temporumque
863 4379 1013 4459 iniuriis,
1037 4383 1091 4448 sed
1113 4384 1227 4450 bonam
1248 4395 1372 4470 partem
1393 4392 1485 4456 vitio·

301 4501 376 4548 rum
403 4490 515 4548 natum
543 4504 610 4550 esse
650 4485 844 4570 negligentia
872 4506 982 4552 eorum
1012 4488 1176 4573 ipsorum,
1212 4491 1267 4575 qni
1302 4510 1482 4562 sermonem

301 4594 464 4665 retorem,
489 4609 582 4675 quern
609 4591 647 4656 ad
672 4591 825 4656 amussim
849 4591 1035 4676 satagebant
1060 4591 1195 4668 referre,
1227 4617 1288 4662 non
1316 4601 1396 4666 salis
1422 4603 1481 4687 ipsi

300 4693 473 4769 tenebant,
501 4703 536 4761 ut
561 4716 621 4762 non
644 4697 770 4782 saepius
797 4696 932 4763 ridicule
965 4706 997 4763 et
1022 4698 1162 4784 turpiter
1192 4701 1478 4780 hallucinarcntur,
