3309 5750
748 616 791 680 ts

173 815 235 866 nro
265 804 343 863 ante
375 812 503 861 omnes:
531 791 749 859 necessariam
775 788 1045 877 praepositionem
1075 791 1157 879 sigla
1184 813 1249 863 non
1274 795 1368 865 intel.

174 902 259 971 lecta
279 899 423 969 sustulit.

219 1008 324 1096 llpist.
348 1010 402 1073 tt.
434 1005 659 1085 ἕμπίπνασαιι
683 999 955 1068 esraeeulorum
979 1021 1042 1068 usu
1061 1009 1094 1068 et
1116 1021 1225 1072 errore
1244 1005 1366 1093 possim

175 1113 309 1200 irrepsit
328 1131 385 1199 pro
408 1112 542 1198 antiqua
564 1108 668 1176 forma
691 1106 934 1187 ἐμπίμπλαται.

223 1218 325 1305 Epist.
352 1221 405 1284 25.
441 1219 484 1290 εἰς
513 1213 590 1286 niso:
622 1213 722 1280 Attice
747 1210 855 1283 tecte.
878 1249 924 1259 —
946 1208 968 1278 ὦ
991 1209 1111 1292 Nepte:
1136 1214 1234 1282 scrib.
1255 1218 1367 1299 Νομίε.

176 1324 299 1412 passim
325 1324 373 1389 sic
396 1321 502 1389 errari
523 1318 639 1394 rideo,
664 1326 703 1384 ut
728 1319 763 1383 in
784 1318 935 1401 Σπραπίος
955 1324 988 1383 et
1010 1317 1181 1386 similibus.
1207 1358 1253 1372 -·-
1274 1324 1371 1406 οίργεί

175 1433 194 1507 ἡ
215 1438 281 1509 γνῑι
306 1426 424 1494 melius
445 1424 555 1509 ύργύς.
573 1461 620 1476 -
634 1422 811 1505 χηρεύουσα
830 1431 889 1491 πῶν
909 1423 1138 1503 ἕμπονούνσωνε
1162 1427 1305 1510 χηρεύειν
1318 1447 1368 1496 sa·

179 1534 225 1600 tis
248 1532 372 1599 insulse
393 1532 522 1598 ilonnao
544 1527 724 1595 subiectum
747 1537 806 1596 eet.
835 1528 891 1595 Od.
909 1553 931 1595 ι.
952 1533 1028 1596 125.

336 1742 447 1825 ἀνδρῶν
465 1742 611 1825 χηρεύει,
634 1740 743 1821 βθσκει
759 1739 793 1806 rt
810 1764 848 1806 πε
867 1740 1012 1819 μνκύδας
1034 1737 1153 1819 eirea,

176 1853 280 1915 πονεῖν
303 1853 410 1914 anum
432 1867 492 1933 pro
520 1846 706 1930 ἐργάζεσθαι
729 1844 771 1912 ab
791 1845 980 1931 aequalibus
1002 1846 1132 1913 sumsit.

220 1950 325 2038 Epist.
336 1955 389 2019 26.
411 1954 642 2036 deverteretur:
667 1952 794 2037 corrige
809 1952 1001 2035 ύποθεμένρν.
1014 1956 1111 2028 -cis
1122 1955 1199 2034 ὁμοῦ
1212 1994 1257 2010 -
1274 1945 1369 2040 προσ·

173 2061 335 2140 οφλῆσαιτ
359 2055 429 2143 lege
451 2056 520 2124 ὅσθ’
541 2066 574 2125 ct
594 2063 795 2141 προσοφλεῖν.

219 2162 323 2249 Epist.
342 2166 396 2229 Ἠ.
431 2165 475 2238 είς
495 2166 713 2245 πούργαςιὶριον
733 2161 927 2240 καθημέννντ
953 2161 1041 2228 nullo
1064 2164 1210 2252 exemplo
1229 2174 1262 2233 et
1281 2167 1369 2235 nullo

176 2288 274 2338 sensu
295 2267 374 2335 baec
395 2267 573 2346 dicuntur,
596 2267 733 2333 dixisset
753 2265 952 2332 Atheniensis
973 2269 1023 2333 ἐπ’
1044 2271 1212 2349 οἰκήματος
1232 2275 1370 2354 καθκμθ·

178 2399 239 2452 νην.
274 2378 348 2462 §b
369 2374 431 2453 ἐγὼ
461 2411 505 2421 -
535 2398 570 2438 σε
596 2373 656 2447 τοὶς
686 2377 808 2453 καχρῦς
834 2373 885 2437 ἐπί
910 2379 969 2439 πῶν
992 2375 1094 2456 ύγρῶν
1119 2378 1251 2458 φρύγειν
1279 2381 1366 2444 ύνα·

177 2480 325 2548 πείσαι
353 2478 544 2566 perdidisset
568 2496 718 2563 operam,
736 2476 855 2553 credo,
881 2496 986 2563 neque
1017 2478 1076 2544 boc
1106 2481 1283 2559 nesciebat,
1312 2482 1369 2551 sed

174 2584 351 2665 ὧναγκύσον
380 2584 521 2671 scripsit,
544 2620 590 2633 --
613 2578 644 2648 oi
674 2589 774 2649 κακῶν
798 2585 916 2659 σαυτὴν
939 2583 1112 2659 intersecet
1149 2584 1245 2651 Attici
1267 2587 1369 2654 ἐνεκύ·

177 2702 287 2766 Meas.

221 2796 325 2884 Epist.
347 2799 400 2861 28.
435 2792 656 2875 συγκαθεύδειν
691 2794 777 2875 μετὰ
801 2799 877 2859 σούς
914 2813 1028 2860 revoca
1058 2793 1104 2861 oui
1137 2796 1368 2876 συγκαθεύδειν.

176 2902 248 2996 85.
285 2902 338 2967 ε’πὶ
357 2902 413 2969 er:
439 2901 519 2968 baec
540 2901 656 2968 scribis
679 2900 827 2988 placent,
857 2900 982 2966 Graecis
1002 2903 1056 2986 ἐφ’
1071 2904 1126 2969 ἑνί.

221 3009 324 3094 Epist.
347 3010 401 3072 29.
437 3007 621 3088 ἠπνςοθμνρνι
648 3007 729 3074 adde
751 3007 820 3088 μέν.
845 3046 889 3059 -
905 3027 963 3092 pro
979 3003 1058 3073 εἶναι
1079 3017 1204 3075 veteres
1226 3008 1310 3076 θνπα.
1323 3048 1369 3063 -

175 3115 475 3194 ύδικομαχοῦνπαοι
500 3132 614 3178 rerum
634 3121 684 3178 est
699 3114 961 3194 δικομαχοῦνπας.
988 3110 1055 3200 §E
1081 3117 1243 3191 κινήσας
1255 3115 1367 3192 atzar:

175 3219 287 3289 nescio
305 3217 390 3284 unde
410 3216 470 3283 boc
487 3218 663 3303 arripuerit
682 3238 740 3307 pro
760 3221 863 3284 είποίν.
885 3256 932 3267 -
951 3214 997 3284 θπι
1020 3242 1072 3298 μοι
1096 3218 1274 3294 πολλοίκιςι
1299 3220 1369 3288 dele

176 3351 250 3408 μοι,
269 3342 442 3391 commune
465 3323 616 3388 omnibus
636 3331 685 3388 est
710 3323 796 3409 quod
822 3331 1052 3389 commemorat
1071 3323 1221 3410 quodque
1242 3346 1368 3414 prover·

167 3432 234 3500 'bio
252 3427 423 3495 dicebatur
443 3426 612 3511 πρύγμαπ’
634 3427 674 3504 ἐξ
699 3427 868 3510 &pastea

221 3536 326 3622 Epist.
340 3538 395 3600 50.
418 3533 513 3614 ύργθν
535 3534 566 3599 δὲ
586 3532 759 3614 καθίζειν
781 3533 908 3608 berder:
933 3532 1029 3599 Attici
1044 3535 1204 3611 καθῆσθαι.
1228 3572 1274 3586 -
1292 3561 1370 3620 παρ-

174 3639 303 3718 ανοίξας
324 3640 360 3706 πὸ
379 3639 493 3720 θύριονι
518 3639 668 3725 magistri
689 3638 804 3704 docent
832 3637 981 3719 παροίξας
1005 3639 1142 3706 Atticum
1161 3660 1247 3716 esse;
1267 3642 1370 3710 Purr-

175 3766 284 3815 rnnnns
306 3745 443 3810 antnut
466 3767 497 3834 p.
533 3747 599 3822 60,
634 3747 688 3809 20.
713 3745 936 3828 παρειργμένκς
959 3753 1015 3822 τῆς
1046 3746 1158 3827 θύρσοι
1191 3749 1216 3813 ol
1253 3749 1369 3816 ἰδιῶται

173 3850 450 3935 παρανειργμθννο.
481 3849 591 3930 ὁμοίως
610 3848 750 3932 παροίξοι
781 3852 837 3926 σὺν
862 3851 963 3933 θύραν.
1009 3849 1179 3941 Conspirat
1201 3853 1319 3920 Mennis
1336 3874 1370 3925 V.

174 3955 347 4039 παροίξας,
373 3978 407 4045 p.
429 3961 505 4022 515.
537 3959 617 4045 §5-
641 3992 687 4005 -
707 3953 831 4036 αύχοςε
858 3976 922 4023 non
942 3957 1047 4044 potuit
1066 3953 1227 4025 infelicius
1253 3980 1370 4028 nomen

172 4080 294 4154 ponere
315 4081 373 4150 pro
396 4060 496 4144 μέρος.

221 4168 326 4257 Epist.
340 4173 393 4233 51.
417 4169 487 4249 §E
512 4165 582 4232 dele
594 4171 645 4231 νῦν
664 4172 697 4231 et
713 4164 817 4231 scribe
828 4167 920 4231 ποὶκεῐ
939 4175 1146 4245 μνςαγονγείν
1164 4173 1368 4255 prostrasti.

222 4274 326 4363 Epist.
352 4275 405 4338 52.
444 4272 539 4345 οὐδεὶς
565 4272 607 4352 τῷ
637 4269 736 4352 μέτρῳ
768 4271 803 4335 τὸ
827 4272 924 4337 πίνειν
942 4270 1068 4353 ἔςεργεῑ
1093 4274 1149 4357 qui
1176 4275 1210 4338 οόο
1238 4276 1367 4342 dibertdo

175 4377 306 4445 modum
327 4388 430 4444 serrat
447 4378 569 4444 dicitur
587 4375 689 4457 με’πριρ
707 4376 804 4442 πίνειν
828 4385 861 4441 et
881 4379 1008 4463 saepius
1021 4399 1078 4464 pro
1097 4380 1227 4462 μετρίως
1249 4380 1371 4449 dicitur

177 4484 302 4567 μθπρορ,
325 4503 389 4549 non
420 4487 463 4568 τῷ
497 4483 608 4566 μθπρςο.
655 4481 783 4568 Repone
813 4482 916 4567 igitur
938 4483 972 4547 σύ
996 4483 1096 4567 με’πρῳ
1127 4484 1246 4564 πίνειν,
1274 4484 1368 4551 utin

178 4599 258 4657 noto
278 4588 407 4656 oraculo

1103 4703 1117 4739 e
1131 4698 1140 4718 .
