3309 5750
895 629 936 690 92

309 811 377 880 tur,
404 805 573 870 Bnunnnus·
585 804 806 885 κατηγορήσειν
825 798 865 866 ἂν
884 802 955 885 δοκή
969 803 1089 889 reecpit
1100 851 1110 879 ,
1121 822 1234 870 omnes
1254 811 1365 869 errant
1383 812 1416 869 et
1434 808 1502 870 eer-

313 917 380 976 tum
400 908 550 996 loquendi
570 906 672 992 legem
691 906 818 975 violant.
852 907 921 973 Non
940 915 990 974 est
1009 907 1149 979 difficilis
1167 909 1253 995 optio
1276 909 1310 974 in
1333 907 1403 986 his,
1426 910 1504 995 quia

308 1018 397 1082 δοκεῖ
413 1034 545 1102 prorum
567 1022 615 1079 est
637 1013 854 1079 necessarium
876 1022 909 1078 ot
932 1012 1064 1099 perinde
1080 1022 1129 1079 est
1149 1021 1259 1078 utrum
1279 1016 1504 1098 κατηγορήσειν

315 1141 355 1187 an
369 1129 581 1203 κιιτηγορήσιιι
602 1115 641 1183 ἄν
661 1117 840 1184 scribatur:
864 1119 897 1182 in
922 1117 1040 1184 tatibus
1060 1118 1099 1184 ἄν
1123 1118 1162 1184 nd
1186 1119 1382 1185 infinitivum
1407 1119 1504 1188 reter-

312 1234 387 1303 tur,
413 1235 447 1291 nt
465 1224 590 1291 librarii
613 1223 654 1289 ad
677 1221 811 1288 verbum
836 1221 964 1289 finitum
988 1223 1133 1292 referunt
1153 1224 1247 1309 idque
1267 1246 1326 1291 suo
1344 1225 1505 1293 arbitratu

309 1352 353 1398 ox
374 1331 549 1397 indicativo
572 1337 630 1398 out
651 1329 684 1393 in
708 1328 1020 1396 coniunctivumaut
1034 1330 1132 1417 (quod
1156 1330 1259 1396 multo
1281 1339 1330 1398 est
1353 1330 1501 1418 trequen-

310 1437 390 1525 tius)
416 1439 448 1502 in
473 1436 651 1523 optativum
674 1441 813 1500 mutant.
850 1434 885 1500 ln
903 1436 1122 1502 Anrsronnaurs
1147 1435 1255 1521 Vespis
1276 1457 1320 1504 rs
1346 1442 1433 1504 1404
1448 1458 1498 1525 sq.

315 1544 466 1610 bunarios
489 1540 606 1609 edidit:

502 1649 529 1712 ai
552 1647 586 1721 νή
611 1645 662 1711 Δί’
684 1644 755 1710 riori
779 1653 837 1721 τῆς
861 1655 960 1722 κοικής
984 1649 1129 1726 γλώττης
1154 1645 1243 1713 ποθέν

506 1752 617 1834 τυροὺς
641 1750 744 1832 eptae
767 1757 931 1834 σωφρονεῖν
954 1752 994 1818 ἄν
1016 1778 1068 1832 μοι
1092 1754 1241 1829 δοκοῖς,

307 1879 509 1948 ιιιιοιιιιριιιιιιι
543 1860 639 1930 δοκοῖς
663 1875 721 1941 pro
743 1856 858 1932 δοκοίης
883 1859 916 1922 in
940 1859 1149 1923 Anrsrormnn
1182 1857 1260 1924 torri
1284 1879 1346 1925 non
1370 1867 1500 1945 potest,

311 1976 345 2032 et
365 1967 398 2029 in
422 1964 573 2029 omnibus
602 1962 690 2027 hisee
720 1961 818 2035 δοκεῖς
845 1963 949 2028 solum
974 1973 1101 2030 rectum
1128 1973 1187 2030 est.
1217 1969 1442 2048 κατηγορήσειν
1463 1966 1504 2033 ἄν

310 2074 439 2140 videtur
461 2069 619 2155 hodieque
642 2073 770 2132 tantum
791 2087 854 2132 non
880 2067 1031 2133 omnibus
1054 2069 1134 2136 bene
1162 2072 1275 2135 Graece
1300 2069 1365 2135 diei
1388 2091 1503 2157 posse:

311 2184 390 2248 item
414 2178 632 2257 κατηγορήσων
655 2171 694 2237 ἄν
721 2173 916 2257 aequissimo
940 2175 1049 2239 animo
1071 2194 1182 2240 omnes
1205 2176 1437 2262 propemodum
1459 2187 1503 2244 tn·

310 2288 427 2354 terant.
476 2282 560 2348 Sunt
592 2288 700 2344 tamen
726 2275 806 2343 baec
829 2298 892 2343 non
917 2280 1026 2344 minus
1053 2298 1152 2366 prava
1174 2289 1207 2345 et
1235 2280 1382 2357 soloeca,
1407 2303 1447 2350 ue
1476 2299 1504 2364 st

309 2394 384 2480 quis
398 2389 601 2469 κατηγορήσοι
624 2383 664 2449 ἄν
687 2381 735 2448 tel
759 2382 870 2463 ἔσομιιι
893 2384 933 2449 ἄν
956 2384 1051 2449 uellet
1074 2383 1191 2452 dicere.
1228 2385 1312 2451 Istae
1335 2387 1448 2455 sondoe
1464 2408 1504 2456 ex

308 2497 432 2586 ptcneio
453 2511 601 2560 sermone
619 2499 652 2556 et
683 2490 812 2554 inscitia
835 2498 894 2557 τοῖν
914 2492 1035 2556 ἰδιωτῶν
1059 2489 1213 2575 paulatim
1237 2489 1395 2575 gliscente
1426 2495 1503 2560 insi·

311 2609 454 2670 nuarunt
471 2619 541 2666 sese
566 2598 601 2661 in
622 2595 730 2660 omnia
757 2596 972 2682 antiquorum
1006 2595 1201 2682 exemplaria
1223 2605 1255 2661 et
1279 2616 1316 2662 ea
1339 2619 1427 2664 nune
1450 2607 1503 2665 est

307 2707 528 2794 exemplorum
564 2701 767 2786 frequentia,
800 2710 836 2765 ut
867 2703 963 2767 etiam
998 2687 1223 2787 prudentiores
1257 2701 1429 2770 rideantur
1461 2703 1504 2771 ab

308 2811 532 2882 emendatione
554 2807 721 2881 deterriti,
745 2825 827 2891 quae
839 2807 1018 2872 sexcenties
1039 2807 1157 2893 passim
1183 2808 1225 2871 sit
1246 2807 1405 2878 iacienda.
1429 2809 1500 2877 Non

308 2910 401 2985 debet
420 2937 458 2981 ee
481 2934 533 2979 res
553 2914 644 2977 nobis
663 2933 786 2978 moram
809 2910 933 2989 iacere,
964 2913 1018 2977 ubi
1047 2912 1206 2978 constabit
1226 2913 1304 2980 baec
1327 2914 1501 2983 Graeculos

311 3020 486 3089 identidem
507 3018 667 3085 inuexisse
689 3018 729 3083 de
748 3038 828 3085 suo.
847 3026 880 3082 et
899 3018 973 3103 quis
993 3017 1173 3082 morabitur
1192 3028 1291 3084 testes
1315 3020 1501 3087 istiusmodi

309 3130 365 3216 qui
390 3126 502 3191 ornatior
521 3126 566 3189 ita
586 3123 650 3188 dici
674 3132 707 3188 et
724 3124 822 3189 scribi
848 3143 910 3187 non
935 3123 1048 3208 posse?
1073 3122 1108 3188 ln
1128 3124 1338 3190 Dnuosruuus
1357 3129 1503 3195 oratione

308 3236 348 3300 rie
369 3233 487 3298 sorore
506 3248 578 3316 pag.
599 3232 682 3305 284,
708 3236 760 3296 17.
790 3232 847 3305 τήν
869 3228 1039 3294 'Esdram
1062 3230 1244 3309 exsiezssee
1267 3235 1306 3304 ἑο
1330 3234 1392 3298 οὐδ’
1416 3232 1456 3299 ἂν
1475 3232 1504 3299 εἷ

306 3366 339 3407 τι
361 3340 481 3419 γένοιτο
504 3336 550 3401 ἔτι
573 3335 900 3413 σνμπνενσήντιιν
924 3333 962 3399 ἂν
986 3337 1146 3412 ἡμῶνκαὶ
1170 3343 1230 3402 τῶν
1254 3338 1421 3418 Θηβέων,
1445 3358 1500 3407 tte·

308 3447 430 3513 nrinem
456 3460 609 3528 nimquam
642 3440 774 3506 odendit
797 3440 1069 3519 σορκ-κτισάντων,
1101 3461 1297 3527 quamquam
1327 3463 1502 3513 nemone·

307 3552 426 3619 sciebat
451 3547 707 3628 σνριτνενσὲντιιν
731 3546 876 3611 eiusdem
900 3545 1022 3610 tarinae
1045 3566 1114 3612 esse
1132 3557 1229 3632 atque
1251 3548 1416 3629 λιτήὲντοιν
1440 3570 1500 3637 pro

306 3658 505 3741 ληψομένων,
542 3651 599 3716 sed
632 3650 720 3715 atiud
759 3661 829 3726 est,
866 3657 903 3714 ut
937 3649 1086 3727 ridetur,
1117 3651 1238 3737 aliquid
1263 3674 1327 3719 non
1352 3657 1500 3732 nescire,

307 3762 396 3829 atiud
430 3762 476 3824 itu
501 3758 604 3825 seire.
631 3766 669 3821 ut
700 3775 829 3841 semper
862 3755 895 3818 in
924 3764 1067 3840 tempore
1097 3758 1293 3824 memineris
1353 3759 1498 3827 Tandem

309 3868 469 3935 Ιδοικιιιιιε
484 3861 652 3927 admonuit
676 3858 938 3938 τομτνεντέντονν
965 3880 1036 3926 esse
1056 3862 1303 3929 emendandum.
1351 3863 1434 3945 Quis
1453 3873 1501 3933 est

309 3982 376 4038 tam
398 3968 547 4055 pertinax
567 3975 598 4030 et
615 3964 759 4041 terrem,
782 3964 833 4030 vet
853 3963 1022 4049 plumbeus
1045 3968 1169 4051 potius.
1186 3978 1222 4032 ut
1238 3950 1355 4035 audeat
1379 3970 1500 4038 dissen-

307 4073 396 4142 tiret
420 4074 463 4138 At
484 4069 587 4135 nitito
597 4071 753 4134 incertior
779 4090 832 4135 res
847 4079 915 4147 est,
930 4071 1027 4135 οιίοιιι
1051 4071 1171 4156 abstine
1190 4074 1326 4139 immuni
1339 4073 1502 4143 barbaris·

309 4200 385 4247 mo.
401 4177 599 4261 ubicumque
615 4175 656 4240 aiv
667 4196 742 4241 eum
760 4175 870 4241 tuturo
884 4184 1064 4240 monstrose
1080 4176 1271 4261 copulatur,
1287 4179 1374 4264 quod
1393 4191 1500 4249 tamen

308 4282 393 4372 apud
415 4283 637 4349 mmmm
663 4302 779 4368 saepe,
805 4301 900 4366 saepe
924 4279 1008 4366 apud
1031 4280 1110 4345 alios
1127 4280 1247 4348 iactum
1271 4303 1342 4350 me
1364 4286 1497 4354 videbis

308 4392 399 4459 teneri
423 4386 569 4452 nonnihit
591 4387 781 4453 addubitant
802 4386 858 4452 sed
878 4384 1017 4450 molliter
1027 4394 1060 4450 et
1080 4385 1211 4461 leuiter.
1232 4396 1265 4454 et
1281 4391 1310 4457 si
1327 4392 1434 4459 multa
1449 4412 1499 4460 ex-

306 4496 412 4582 ernpda
429 4504 594 4579 tanaquanr
611 4493 780 4557 maritinae
799 4491 1021 4567 adnmventur,
1034 4511 1168 4578 propere
1187 4493 1287 4561 vetuti
1302 4494 1496 4565 deditionem

308 4603 432 4669 iaciunt
456 4610 488 4665 et
513 4619 620 4664 arcem
649 4602 786 4664 sanioris
807 4597 973 4662 doctrinae
1005 4605 1068 4669 τοῖς
1096 4599 1320 4681 βιρδκκ’ζεντι
1354 4604 1493 4670 tradunt

307 4710 342 4773 Ιιι
365 4708 542 4772 hiuttae!
566 4704 603 4768 V.
628 4714 681 4769 13.
707 4704 840 4769 tuderani
864 4704 990 4779 γνέντις
1013 4710 1064 4766 νῦν
1083 4710 1208 4781 μέλλεν
1230 4707 1270 4771 ἂν
1288 4708 1493 4789 &defuerimus
