3309 5750
794 639 858 701 241

228 832 310 912 turis
338 829 383 894 ite
413 827 542 910 denium
570 842 657 895 recte
673 830 835 919 'punituri
868 831 895 896 si
912 831 957 895 in.
975 828 1106 919 epodosi
1129 830 1222 906 αύτύς
1243 830 1414 921 repetitur,

239 957 331 1025 queo
352 934 504 1000 acerrime
532 947 579 1001 est
607 934 697 1025 apud
724 935 861 1001 Graecos
889 933 1043 1025 perfidiae
1066 947 1120 999 eut
1138 935 1276 1001 levitatis
1299 956 1414 1025 expro-

242 1038 366 1122 bratio,
400 1053 435 1105 nt
455 1041 539 1131 opud
560 1040 689 1106 Lumine
713 1040 785 1107 Xlls
805 1045 861 1107 68.
884 1042 978 1112 αὐτὸς
1001 1040 1278 1119 ἐπαγγειλάμενος
1306 1045 1414 1105 σώσειν

237 1148 295 1219 την
319 1147 408 1211 πύλιν
433 1149 526 1220 αύτὸς
547 1149 721 1213 ἐπύλεσεν.
747 1159 781 1213 el
800 1148 1053 1214 Xnuol’nonrntt
1072 1147 1105 1211 in
1125 1149 1231 1213 Anah.
1252 1144 1309 1210 lll.
1329 1164 1365 1211 11.
1384 1150 1414 1213 4.

238 1251 336 1322 αὐτὸς
359 1251 478 1329 ἐρύσας
503 1255 596 1331 ἡμῖν,
617 1253 711 1324 αὐτὸς
734 1254 839 1331 δεξιὰς
856 1255 949 1327 Ιδούς,
975 1254 1069 1326 αὐτὸς
1095 1253 1303 1330 ἐξαπατήσας
1328 1249 1414 1315 συνέ-

239 1335 326 1432 λαβε
354 1357 425 1428 τοὺς
453 1355 647 1435 ςρατηγούς,
671 1366 703 1421 ct
723 1356 757 1420 in
778 1358 946 1424 luscum
967 1357 1040 1423 loco
1061 1356 1147 1448 opud
1169 1357 1352 1422 Putrem
1374 1354 1415 1419 de

240 1456 324 1548 Bep.
348 1458 391 1525 ll.
415 1482 447 1548 p.
473 1463 539 1525 383
564 1480 594 1525 Β.
1101 1547 1103 1550 ι
1421 1465 1424 1473 ’

418 1564 432 1626 ὃ
457 1565 482 1629 δ’
506 1566 600 1637 αὐτὸς
626 1565 740 1644 ὑμνῶν,
766 1569 860 1641 αύτὸς
883 1572 914 1633 ἐν
938 1568 1016 1653 ύοένη
1039 1570 1161 1650 παρὼν,
1229 1625 1232 1630 .
1275 1580 1279 1588 “

317 1722 320 1728 .
418 1669 511 1740 αὐτὸς
536 1670 608 1734 τύδ’
631 1671 738 1745 εἰπὼν,
764 1672 859 1746 αύτύς
883 1675 946 1741 ἐςιν
969 1673 983 1735 o‘
1008 1672 1127 1737 κτανύν

290 1779 305 1808 “·
368 1803 372 1824 ³
419 1774 471 1838 τὸν
494 1777 596 1841 παῖδα
618 1775 670 1839 τὸν
694 1774 779 1855 ἐριύν.

237 1875 324 1941 hoec·
340 1876 435 1966 igitur
456 1879 562 1944 omnio
582 1878 734 1948 Lucrino
755 1880 838 1946 bene
859 1893 937 1948 nota
958 1880 1092 1947 suadent
1112 1892 1147 1945 nt
1164 1901 1238 1946 enm
1255 1876 1414 1966 scripsisse

238 1981 392 2047 credam:.
417 1985 514 2077 corle
537 1989 645 2049 ταῦτα
669 1990 846 2068 γεγραφὼς
873 1988 990 2059 αὐτὸς
1018 1988 1128 2051 ἑαυτὸν
1152 1985 1252 2067 φέρειν’
1277 1984 1320 2054 εἰς
1347 1982 1414 2050 δου-

236 2086 535 2154 λείανένσέσεικεν.
584 2088 622 2153 ln
652 2094 724 2178 §3.
757 2088 811 2171 ύρα
839 2090 921 2163 ὅπως
952 2092 1060 2168 μηδεὶς
1091 2090 1136 2155 ἔτι
1163 2085 1334 2155 ιέκούσεταί
1359 2107 1413 2149 σου

239 2213 384 2280 expunge
408 2188 472 2271 ἐρα.
506 2199 524 2281 §
547 2200 565 2259 5
595 2194 696 2260 scribe
715 2196 908 2273 αριυγδαλῆν
929 2219 989 2286 pro
1008 2195 1202 2274 ἀμύγδαλον.
1218 2202 1250 2258 et
1270 2190 1414 2271 ὀρχήμα-

239 2321 286 2360 σιν
312 2295 503 2376 οὶρπύσαντα
524 2302 762 2389 prospiciuntur
786 2300 1047 2379 συναρπάσαντα.

241 2445 244 2450 -
285 2398 323 2464 ln
350 2400 463 2465 libello
492 2404 565 2483 ὑπὲρ
588 2409 641 2467 τοῦ
664 2404 694 2466 ἐν
716 2412 756 2484 τῇ
781 2406 1024 2484 προσαγορεύσει
1048 2404 1255 2485 σφάλματος.
1303 2403 1363 2477 19,
1385 2402 1414 2464 4.
1500 2440 1503 2445 ·

239 2508 278 2579 ύς
301 2506 426 2583 erutor
446 2511 499 2571 τοῦ
521 2508 649 2581 Πυθίου,
672 2507 843 2597 suppletis
864 2507 989 2585 titgeri
1007 2507 1049 2581 ύν,
1071 2508 1221 2597 frequens
1240 2503 1414 2570 admodum

239 2609 294 2676 hic
312 2633 400 2676 error
417 2624 463 2676 est
483 2624 515 2676 et
532 2635 624 2703 soepe
644 2613 724 2678 olibi
744 2612 960 2702 corrigendus.
985 2619 1002 2701 §
1022 2616 1051 2679 7.
1076 2613 1166 2693 ἄλλῳ
1184 2611 1246 2692 ἥλῳ
1263 2608 1414 2690 ἐκκρούειν

239 2718 291 2781 τὸν
316 2712 386 2790 ἧλον
409 2716 481 2782 dele
500 2716 600 2799 ύλλῳ.
628 2720 773 2807 §9lcge
795 2720 852 2783 ὑπὸ
872 2719 970 2799 τούτῳ
987 2719 1029 2797 τῷ
1052 2718 1237 2795 συνύηματι.
1263 2721 1281 2803 §
1302 2717 1354 2780 ll.
1369 2711 1413 2778 τέι

239 2821 368 2903 δεύτερα
391 2823 620 2902 ἐνεγκαμένου,
645 2822 832 2914 corrigeris
854 2824 1023 2904 δευτερεῖα.
1049 2827 1119 2910 et§
1144 2825 1192 2889 18.
1216 2822 1329 2892 ἐκεῖνος
1355 2816 1414 2896 μὲν

241 2926 356 3007 oleris,
381 2929 493 3020 supple
517 2931 574 3008 μὲν
598 2925 777 3004 circinos.

285 3033 323 3099 ln
344 3036 546 3100 Hermotimo
567 3039 627 3114 20,
651 3041 682 3101 3.
701 3034 806 3100 πύλαι
827 3032 1037 3112 οένεσπύσρκην
1057 3033 1127 3123 lege
1145 3032 1184 3099 olo
1203 3028 1414 3108 οένεσπύσριην

242 3145 259 3226 §
286 3143 317 3206 6.
338 3143 377 3214 ύς
397 3141 495 3222 χρόνῳ
518 3143 720 3222 περιλαβεῖν,
745 3141 958 3230 intelligerem
980 3141 1018 3210 ὥς
1041 3135 1095 3221 ύρῳ
1118 3140 1315 3221 περιλαβεῖν.
1342 3137 1366 3220 §³
1381 3136 1415 3201 9.

241 3248 337 3328 γ’ἐροιν
361 3248 405 3318 εἰς
425 3247 459 3311 τὸ
473 3245 604 3314 ύςατον.
629 3247 750 3336 corrige
771 3247 929 3328 ἐσχατιν,
954 3244 1040 3311 unde
1055 3245 1277 3325 ἐσχατόγηρως
1298 3240 1417 3306 dicitur

240 3359 258 3440 ᾗ
287 3355 338 3417 15.
361 3349 426 3421 εἴας
447 3388 493 3399 -
506 3354 701 3432 προῄρησαι,
726 3352 855 3441 requiro
876 3350 999 3422 εἴασας.
1021 3352 1038 3434 §
1059 3351 1112 3412 20.
1133 3349 1254 3428 θυρίδας
1273 3343 1415 3418 ἐποίησεν

242 3458 328 3537 αὐτῷ
357 3454 427 3544 lege
455 3457 628 3531 ἐνεποίησεν
659 3467 691 3520 et
722 3460 740 3543 §
769 3463 821 3522 25.
852 3453 1154 3536 irerotirsoo'nno.§
1187 3455 1241 3517 59.
1266 3449 1349 3515 οὐδὲν
1376 3445 1416 3512 trs

241 3560 345 3641 ἔγωγέ
369 3585 399 3626 τι
423 3562 590 3634 ἀντεῖπον,
617 3560 718 3625 scribe
744 3561 842 3639 ἐγαγ’
871 3558 917 3624 ἐτι
942 3569 974 3623 et
998 3581 1073 3623 mox
1104 3551 1166 3638 alpos
1195 3555 1301 3620 ταύτύι
1326 3551 1415 3629 λέγει

241 3667 294 3732 καὶ
316 3668 384 3748 περὶ
405 3673 462 3732 τῶν
484 3668 585 3731 αὐτῶν
607 3667 780 3733 insiticium
803 3679 851 3732 est
870 3666 935 3730 καί.
954 3668 972 3750 §
990 3669 1044 3730 68.
1060 3664 1113 3730 καὶ
1131 3663 1160 3731 εἴ
1176 3685 1253 3727 ποτε
1269 3659 1416 3733 τοιαύτην

239 3772 311 3837 τινύι
339 3771 469 3850 δύναμιν
498 3771 703 3852 πορισύραενος
733 3776 795 3856 ᾔεις
819 3773 870 3838 ἐπὶ
895 3773 950 3846 την
971 3771 1115 3849 ἐξέτασιν
1138 3775 1198 3834 τῶν
1217 3764 1415 3846 λεγομένων,

240 3880 265 3943 εἰ
300 3879 330 3942 δὲ
364 3879 427 3955 μή,
462 3873 495 3943 εύ
525 3877 676 3943 ῖσύικτέ.
725 3877 787 3945 Oui
815 3902 880 3944 non
912 3889 988 3943 nota
1013 3877 1074 3942 ista
1102 3873 1232 3940 dicendi
1260 3873 1416 3938 formast

241 3982 356 4072 prioris
380 3982 553 4071 spodoseos
577 3983 721 4074 ellipsis?
747 3998 782 4051 ut
805 3987 839 4050 in
863 3982 1047 4076 Sophocleo
1238 3988 1240 3993 ’

469 4090 493 4152 εἰ
518 4090 575 4166 μέν
599 4115 646 4162 τις
671 4087 720 4156 οὖν
743 4092 872 4170 ἔξεισιν,
896 4093 921 4155 εἰ
946 4093 976 4156 δὲ
1001 4091 1061 4173 μη,
1085 4088 1174 4167 λε’γε.

242 4205 283 4260 et.
297 4192 439 4285 possitus
454 4192 621 4258 sitlelntt.
646 4196 685 4259 ed
712 4186 865 4263 Tuccio.
884 4195 942 4262 lll.
964 4202 995 4261 3.
1014 4196 1048 4260 in
1068 4193 1117 4258 his
1138 4204 1246 4257 autem
1268 4190 1416 4257 omnibns

243 4299 406 4389 praecedit
439 4300 464 4365 ει’
498 4300 576 4377 μέν,
611 4300 646 4376 ἣν
679 4302 736 4378 μέν
765 4315 797 4366 et
826 4302 884 4379 μέν
907 4324 1036 4390 prorsus
1058 4297 1270 4365 necessarium
1291 4307 1357 4376 est,
1381 4308 1417 4362 ut

243 4407 578 4497 oppositioeppsreat
605 4418 636 4472 st
659 4407 750 4496 qnod'
767 4407 891 4471 dicatur
912 4409 1018 4472 stetim
1039 4405 1176 4494 intelligi
1196 4403 1304 4496 possit.
1350 4402 1417 4468 Ite·
1524 4453 1529 4464 .

243 4534 306 4601 qne
328 4512 361 4575 in
381 4511 755 4579 Luctsuo'scribendnm
774 4513 826 4578 καὶ
852 4514 878 4578 εἰ
898 4513 969 4591 .μένῖ
982 4513 1149 4577 ποτεκτέ.
1187 4509 1283 4600 Apud
1306 4508 1418 4572 fliro-

244 4633 362 4681 uotnn
384 4615 479 4682 :Vlll
509 4620 571 4684 62..
591 4619 630 4684 σὺ
667 4620 700 4684 si
730 4618 850 4698 μενέεις
888 4619 984 4682 αὐτοῦ
1019 4614 1072 4680 καὶ
1101 4614 1200 4694 μένυν
1228 4612 1315 4678 ἔσεαι
1341 4613 1416 4693 ιένηρ

242 4719 381 4802 ύγαύύς,
407 4723 432 4788 εἷ
458 4723 488 4788 δὲ
513 4724 577 4802 μη,
599 4723 787 4806 ἀνατρέψεις
809 4724 866 4799 την
886 4719 1054 4798 Ἑλλάδα,
1080 4720 1190 4811 coquis
1210 4716 1332 4808 estqui
1352 4739 1417 4791 non
