3309 5750
774 593 841 658 898

221 795 268 859 nis
299 811 359 856 usu
384 786 519 855 solidam
544 787 632 855 illam
656 797 829 852 etcertum
850 782 1092 852 harumrerum
1115 784 1290 852 scientim
1311 788 1398 855 colli.

221 907 297 988 gant
324 908 356 960 ct
385 893 583 962 observando
611 894 645 966 iu
674 892 760 959 diem
786 904 923 983 augeant
949 904 982 961 at
1007 891 1222 972 confirment,
1252 894 1398 987 sineque

221 1028 317 1071 nemo
337 1002 501 1093 discipulis
524 1000 700 1093 quidquam
725 999 877 1090 prodesse
896 1009 1010 1090 potest.
1058 998 1160 1066 Vetus
1186 1011 1240 1068 cst
1267 1000 1399 1070 Graeco·

156 1143 163 1157 ·
221 1133 293 1178 rum
310 1109 533 1201 proverbium:

458 1212 557 1291 otyor
581 1211 721 1291 μιιθντνιὶ
746 1210 917 1294 κρείσσονες
941 1209 1153 1290 διδασκάλων,

224 1330 257 1392 et
284 1318 378 1384 nimis
405 1316 500 1384 multi
530 1315 570 1384 ad
602 1314 793 1384 Academica
821 1316 926 1388 studia
952 1328 1015 1384 tarn
1036 1317 1175 1408 impares
1200 1328 1237 1384 et
1260 1317 1404 1408 imparati

226 1423 402 1505 accedunt,
436 1424 589 1513 quoniam
621 1422 854 1490 Grammaticus
883 1423 959 1489 artis
988 1435 1021 1488 et
1045 1424 1079 1488 in
1107 1422 1158 1488 his
1182 1423 1361 1514 prosodiae
1378 1436 1404 1490 et

224 1529 376 1596 metricae
399 1530 503 1619 prima
526 1529 704 1608 elementa,
734 1528 852 1619 quibus
871 1527 946 1593 solis
967 1550 1038 1597 rera
1059 1527 1211 1598 doctrine
1235 1529 1406 1619 superstrui

225 1646 347 1727 potest,
381 1659 445 1704 non
474 1635 621 1725 diligenti
646 1657 720 1700 cura
743 1646 775 1699 et
800 1629 958 1698 indelessa
984 1631 1141 1702 industria
1165 1633 1274 1700 veluti
1296 1635 1405 1704 firmis·

228 1742 306 1806 sima
335 1740 544 1808 fundamenta
574 1742 656 1808 iacta
687 1752 775 1819 sunt,
799 1738 853 1808 sed
878 1738 1077 1829 negligenter
1103 1750 1135 1804 et
1160 1737 1348 1808 desultorie
1373 1741 1405 1805 ab

227 1846 320 1910 initio
341 1858 480 1924 ostenta,
504 1845 620 1911 deinde
640 1846 834 1924 intermissa,
856 1844 984 1909 tandem
1001 1844 1096 1936 plene
1112 1844 1296 1925 derelicta,
1319 1858 1354 1912 ut
1368 1846 1407 1911 orl

226 1952 369 2030 altiora,
393 1964 429 2016 ut
450 1952 560 2033 aiunt,
584 1949 739 2017 evoletur.
787 1951 874 2017 ilinc
892 1951 925 2016 in
945 1951 1117 2048 plerosque
1139 1950 1301 2019 convenit
1318 1951 1404 2042 Spar·

228 2069 377 2127 tenorum
398 2056 520 2122 dictum
541 2056 625 2147 apud
647 2056 860 2130 Hraonororr
882 2057 956 2145 (ΙΙΙ,
978 2060 1044 2146 46.)
1067 2057 1111 2121 τὰ
1134 2057 1194 2136 μὲν
1218 2062 1335 2139 πρῶτα
1360 2073 1404 2121 ιε-

224 2160 345 2245 χθέντνι
369 2161 603 2236 ἐπιλιλνθὲνιιι,
628 2162 671 2226 rol
689 2162 720 2227 δὲ
741 2160 836 2243 tropa
856 2164 902 2243 roi
920 2162 1064 2239 σννιένιιι.
1108 2162 1184 2228 Nou
1207 2161 1314 2227 semel
1337 2162 1403 2240 ridi,

226 2266 283 2356 qui
313 2288 345 2331 se
374 2264 571 2357 Sophocleas
598 2264 776 2356 tragoedias
803 2265 985 2357 complures
1013 2265 1172 2335 lectitasse
1203 2266 1354 2334 dicerent
1377 2278 1402 2333 et

227 2372 330 2462 rogati
357 2394 453 2461 quem
476 2371 651 2461 genitivum
674 2394 792 2438 nomen
816 2377 983 2454 Σοφοκλῆς
1003 2369 1136 2440 haberet
1157 2384 1215 2446 aut
1241 2378 1401 2455 Σοφοκιιιῦ

227 2490 282 2545 aut
302 2477 405 2544 simile
431 2477 509 2567 quid
530 2476 768 2568 responderent.
811 2475 827 2540 l
850 2496 938 2541 nunc
957 2486 990 2540 et
1009 2476 1085 2542 istos
1104 2476 1144 2548 de
1165 2476 1325 2546 cathedra
1346 2480 1402 2545 lin·

225 2606 320 2675 guam
341 2594 374 2648 et
393 2580 513 2646 litteras
530 2580 722 2647 Graecorum
740 2578 831 2654 doce.
864 2577 1110 2667 interrogaveris
1133 2580 1266 2650 eosdem
1291 2585 1348 2673 qui
1361 2585 1402 2650 fa.

226 2700 314 2754 ctum
344 2688 400 2765 sit,
426 2697 462 2751 ut
482 2686 539 2752 illa
563 2688 669 2754 omnia
689 2686 833 2752 nesciant
854 2685 972 2775 quibus
991 2684 1187 2755 Litterarum
1208 2709 1286 2754 rera
1307 2689 1403 2755 studia

226 2794 388 2871 nitantur,
412 2791 625 2883 respondent:
649 2814 827 2884 numquam
857 2814 889 2856 se
916 2788 996 2855 haee
1024 2789 1196 2869 audiuisse,
1218 2807 1277 2859 aut
1300 2795 1404 2868 doctos

227 2912 260 2966 et
281 2899 461 2966 admonitos
487 2921 553 2965 esse
577 2898 609 2964 in
640 2897 689 2964 his
719 2921 786 2964 esse
808 2909 872 2962 tam
893 2897 1105 2969 necessarium
1126 2896 1298 2972 doctrinae
1318 2927 1404 2993 prae·

228 3004 356 3071 sidium.
405 3002 603 3067 docentuum
632 3024 762 3092 quoque
790 3002 945 3067 rationem
971 3015 1003 3069 et
1027 3025 1119 3068 usum
1150 3027 1217 3071 non
1240 3006 1402 3077 didicisse:

228 3132 346 3200 nempe
366 3109 552 3199 magistrum
575 3107 614 3174 de
637 3107 685 3173 his
707 3120 761 3174 aut
782 3108 915 3174 verbum
937 3130 1003 3174 non
1023 3107 1134 3175 iecisse
1155 3133 1333 3202 umquam,
1356 3128 1404 3180 aut

230 3238 300 3281 eam
329 3237 395 3281 rem
427 3213 576 3279 inutilem
604 3237 670 3280 esse
691 3225 722 3280 et
743 3212 1009 3279 contemnendam
1031 3213 1164 3295 dixisse,
1195 3220 1322 3310 quippe
1343 3243 1403 3287 non

228 3343 296 3387 esse
323 3320 417 3386 nobis
445 3319 564 3386 Graece
586 3321 796 3411 loquendum,
830 3321 903 3387 satis
930 3343 997 3384 esse
1021 3319 1046 3384 si
1073 3320 1243 3413 scriptores
1274 3325 1406 3392 Graecos

230 3449 340 3492 omnes
367 3426 604 3516 intellegamus,
658 3427 700 3492 Et
729 3438 775 3493 est
803 3425 835 3490 id
869 3425 977 3491 hercle
1010 3425 1103 3503 satis,
1138 3427 1193 3493 sed
1226 3453 1340 3513 nemo,
1374 3444 1405 3497 ut

231 3533 363 3622 opinor,
395 3531 457 3597 hoc
479 3544 680 3623 assequetur,
708 3521 765 3622 qui
793 3532 914 3623 optima
943 3531 1144 3622 intelligendi
1168 3537 1329 3625 praesidia
1353 3562 1406 3604 ne-

228 3638 363 3728 glexerit
390 3649 444 3701 aut
466 3638 626 3727 spreverit.
675 3637 795 3703 Vereor
819 3649 927 3706 autem
948 3658 990 3711 ne
1010 3637 1105 3703 multi
1122 3639 1187 3733 ¹siut
1210 3645 1325 3709 aetatis
1346 3645 1406 3710 iarn

230 3742 438 3832 provectioris
467 3764 561 3830 quam
592 3752 628 3806 ut
659 3765 676 3806 a
703 3765 755 3808 me
784 3742 960 3833 quidquam
991 3744 1081 3832 prari
1109 3743 1333 3815 dedoceantur
1362 3750 1408 3816 rel

231 3847 311 3912 recti
340 3847 515 3936 quidquam
550 3846 726 3915 addiscant.
780 3846 845 3912 Vos
873 3858 999 3926 autern,
1029 3847 1306 3934 docimentum,
1331 3850 1409 3944 quos

233 3952 317 4016 solos
346 3951 465 4015 tutelae
495 3972 585 4014 meae
613 3948 706 4028 duxi,
729 3974 784 4017 ros
808 3973 895 4016 nunc
914 3952 1071 4041 alloquor.
1120 3952 1154 4019 si
1176 3957 1248 4046 quis
1270 3972 1409 4025 restrum

234 4054 274 4119 ad
294 4065 473 4118 accuratam
494 4052 685 4135 Graecarum
706 4053 883 4125 litterarum
901 4056 1067 4125 scientiam
1091 4060 1229 4149 aspirat,'
1245 4063 1275 4134 is
1292 4067 1410 4155 prohaq

233 4158 332 4223 bilem
365 4156 426 4226 sibi
452 4168 642 4223 accentuum
668 4157 815 4231 notitiam
848 4183 942 4249 quam
972 4164 1157 4235 maturrime
1182 4183 1351 4259 comparet
1378 4172 1410 4241 in

232 4262 464 4354 propositoque
482 4276 617 4354 perstet,
634 4287 814 4337 scurrarum
831 4265 999 4333 dicacitate
1014 4281 1049 4339 et
1067 4270 1241 4346 stultorum
1253 4275 1410 4342 >irrisione

232 4368 395 4434 immotus.
440 4370 530 4438 Ναιιι
550 4373 626 4436 risu
645 4375 757 4462 inepto
776 4395 833 4447 rer
854 4377 999 4464 ineptior
1017 4376 1110 4440 nulla
1130 4388 1191 4444 est,
1241 4380 1306 4463 Qui
1327 4381 1410 4453 hanc

235 4474 414 4546 doctrinam
446 4476 547 4541 nescit
576 4475 652 4544 dum
680 4477 892 4568 ignorantiam
918 4502 1006 4553 suam
1031 4480 1150 4552 latetur
1169 4483 1318 4560 inscitiae
1340 4501 1412 4559 tan.

236 4595 305 4652 tum
325 4604 412 4661 reus;
436 4581 493 4673 qui
511 4604 584 4658 roro
604 4581 726 4651 nescire
745 4605 811 4652 non
832 4594 1001 4659 contentus
1019 4584 1218 4674 ignorantiae
1237 4615 1317 4668 tutte
1332 4617 1413 4668 oon·

235 4701 370 4763 temtum
392 4686 546 4787 praeterit
564 4687 692 4758 maioris
716 4688 829 4785 culpae
854 4689 958 4758 affinia
980 4701 1037 4761 est.
