3309 5750
821 602 888 667 312

266 802 346 869 ulios
364 810 524 880 errantes,
547 806 709 862 numerat
729 792 845 871 haece
868 796 1027 872 συνήθειαι,
1053 818 1137 888 quse
1159 798 1232 868 viro
1255 799 1448 869 Mutuum

266 916 354 975 cum'
377 908 486 973 multis
521 903 591 969 aliis
629 902 713 970 ritiis
748 912 823 966 nata
839 947 843 958 ·
858 912 915 968 est
972 901 1160 971 unsarans
1194 903 1298 975 ὅπου.
1329 906 1447 974 Floret.

267 1013 384 1083 cxfll.
415 1018 466 1081 li.
1417 1023 1420 1028 ·

487 1119 531 1200 τῷ
555 1116 614 1196 μὲν
637 1116 672 1180 τὸ
697 1118 790 1192 οῶμον
814 1113 1031 1197 διατεθειμένον
1054 1122 1157 1191 κοινῶς

486 1221 582 1303 χρεῖοι
606 1222 646 1290 ’ς’
669 1220 792 1299 tanat,
816 1219 859 1299 τῷ
883 1218 915 1283 δὲ
938 1224 994 1295 τὴν
1018 1224 1128 1303 ψυχὴν
1150 1221 1263 1308 φίλου.

262 1328 418 1422 paulatim
450 1325 490 1393 ad
521 1350 633 1393 omnes
656 1323 802 1415 persenit
821 1334 873 1402 et,
904 1324 991 1414 qnod
1009 1326 1101 1417 peius
1121 1339 1187 1407 est,
1205 1326 1296 1395 hanc
1317 1352 1443 1422 quoque

262 1436 367 1502 labem
401 1433 571 1500 Veteribus
599 1432 760 1497 affricant:
791 1427 824 1493 in
848 1426 1021 1498 Isocuffls
1039 1433 1249 1500 Archidamo
1269 1441 1290 1524 §
1309 1440 1368 1503 39.
1387 1459 1438 1527 pro
1519 1429 1522 1442 '

262 1544 333 1615 τοὺς
357 1545 533 1619 πολεμικῶς
554 1536 764 1617 διοικειμένους
785 1546 861 1600 suut
878 1536 934 1625 qui
954 1538 1199 1618 assentantem
1219 1542 1379 1611 scribant.
1407 1540 1441 1609 ln

263 1646 499 1713 Xurtoruouurs
526 1644 675 1709 Hierone
701 1640 763 1719 lx,
787 1642 839 1707 11.
868 1664 963 1707 nemo
993 1642 1101 1710 credat
1125 1666 1241 1710 sanum
1266 1669 1337 1713 esse
1356 1672 1440 1740 posse

263 1755 289 1821 ri
310 1753 342 1819 δὲ
365 1752 481 1834 φοβεῖ,
512 1751 557 1828 μὴ
586 1751 622 1814 ἒν
648 1755 777 1819 πολλοῖς
802 1744 905 1812 ἄθλων
928 1746 1176 1830 προτεθειμένον
1191 1753 1316 1818 πολλοὶ
1342 1752 1439 1820 θοιπᾶ·

263 1880 313 1923 νοιι
346 1856 539 1936 γίγνωνται,
572 1852 626 1920 sed
652 1850 801 1919 emendet
832 1852 895 1916 ἐπὶ
920 1863 1050 1927 πολλοῖς
1079 1854 1180 1921 ἄθλων
1204 1858 1436 1939 προτιθεμένων.
1523 1871 1527 1948 ⁸,

263 1960 378 2052 Neque
401 1961 434 2027 in
462 1960 707 2026 dnrsrosnarus
731 1957 911 2047 fragmento
935 1958 1020 2049 apud
1045 1959 1225 2028 Ponnccns
1249 1960 1310 2031 IX.
1332 1966 1382 2030 36.

464 2063 608 2147 ἄμφοδον
632 2066 726 2145 ἐχρῆν
750 2062 836 2143 αὐτῷ
859 2063 1053 2130 τεθέθπθονν
1075 2066 1214 2147 τοῦνομα

264 2170 376 2237 dubita
400 2169 570 2237 emendare
592 2169 741 2235 τίθεοθοιι.

309 2276 383 2342 Non
412 2277 485 2342 sctis
510 2273 670 2366 perspexit
690 2271 860 2339 Lucrinus
880 2273 1147 2343 consuetudinem
1169 2277 1313 2345 Atticam
1334 2278 1369 2345 in
1387 2279 1438 2360 iis,
1521 2261 1524 2286 ²

263 2382 359 2474 quale
387 2394 434 2449 est
463 2387 524 2461 23,
550 2388 581 2449 3.
615 2380 632 2446 ὅ
658 2403 688 2446 τι
718 2404 775 2461 περ
805 2381 841 2446 τὸ
867 2380 1180 2465 camerescensem
1209 2383 1361 2472 ἄπᾶσης,
1389 2397 1437 2453 aut

264 2493 323 2571 45,
334 2493 388 2557 24.
406 2491 441 2555 τὸ
457 2487 632 2572 κεφᾶλοιιον
650 2483 668 2551 δ’
679 2510 709 2550 τι
730 2509 787 2566 περ
802 2485 849 2554 tet
867 2492 927 2550 τῶν
941 2488 1067 2566 nyctos
1082 2488 1245 2564 ἄπᾶντονν,
1262 2502 1322 2557 aut
1333 2496 1397 2579 ι52,
1408 2496 1435 2559 6.

262 2592 281 2660 i‘
300 2620 330 2661 τι
354 2620 410 2677 περ
430 2595 465 2660 τὸ
489 2591 666 2675 κεφᾶλονιον
689 2590 766 2655 oiri
793 2589 828 2667 ἐξ
851 2590 965 2665 indens
991 2595 1208 2677 προοιιρέοεοος,
1228 2607 1287 2660 aut
1313 2600 1441 2690 71,10,

262 2695 329 2765 ὅτι
360 2725 417 2783 περ
446 2702 481 2765 τὸ
507 2698 682 2781 νεφᾶλοιιον
712 2696 747 2774 ἐξ
774 2694 890 2770 ἕκᾶςης
915 2696 1071 2777 αἱρέσεως.
1120 2698 1278 2768 Similiter
1306 2708 1351 2770 49
1361 2754 1371 2784 ,
1393 2708 1438 2771 16.

261 2800 404 2888 ἄτιτος
427 2806 462 2869 τὸ
483 2801 697 2885 πυρωδέςοιτθν
717 2802 799 2875 ten,
821 2811 853 2864 et
871 2803 932 2882 66,
944 2806 998 2871 22.
1018 2805 1054 2884 ἐξ
1067 2806 1195 2885 ἄπᾶσης
1220 2809 1351 2898 ἧλικθοις
1374 2808 1435 2878 ὅτι

215 2927 218 2934 ·
261 2935 318 2992 περ
346 2913 381 2976 τὸ
404 2908 627 2988 ἄνθνρθτοιτον,
663 2907 696 2971 in
726 2906 774 2971 his
804 2907 954 2973 omnibus
981 2911 1066 2978 male
1086 2913 1124 2978 τό
1147 2913 1274 2980 addidit
1293 2929 1330 2982 et
1349 2917 1434 2983 οὐτθ.

263 3013 362 3080 Attici
393 3013 541 3079 dicebant
571 3009 713 3093 ὅτιπερ
737 3010 935 3093 κεφᾶλονιον,
959 3010 1027 3080 ὅτι
1048 3043 1105 3100 περ
1124 3019 1258 3102 ἄφιλος,
1283 3017 1354 3088 ὅτι
1381 3046 1434 3104 περ

260 3117 367 3193 ἄνθος,
392 3115 411 3183 ἄ
422 3143 452 3183 τι
473 3141 530 3200 τερ
546 3117 762 3181 δυνατώτατον
779 3115 849 3182 sim.
895 3115 999 3184 Nemo
1020 3144 1174 3214 umquam
1193 3123 1244 3190 his
1263 3127 1372 3194 serbis
1392 3127 1436 3193 fa·

260 3224 362 3291 cetius
389 3246 463 3290 usus
483 3234 530 3288 est
547 3245 649 3313 quam·
666 3222 829 3302 Eunoen,
851 3222 907 3312 qui
927 3225 957 3288 ἐν
979 3227 1097 3306 Δήμοις
1121 3228 1283 3320 principes
1302 3232 1383 3299 olim
1402 3230 1434 3297 in

259 3354 327 3423 rep.
343 3331 426 3401 riros
446 3332 479 3397 in
502 3351 629 3396 scenam
649 3327 830 3419 producens
847 3328 953 3394 nescio
973 3353 1069 3421 quem
1090 3333 1129 3397 ad
1151 3355 1241 3412 euru,
1262 3337 1322 3425 qui
1342 3337 1436 3405 Pent-

262 3456 351 3505 ctut
369 3437 495 3505 enormi
516 3437 621 3529 capite
642 3437 799 3528 insignem
818 3436 1016 3516 adduxisset,
1039 3437 1200 3505 dicentem
1225 3440 1323 3508 facit:

459 3541 477 3609 θ’
495 3568 525 3609 τι
549 3568 606 3625 περ
629 3542 806 3625 κεφᾶλονιον
829 3548 889 3607 τῶν
913 3542 1050 3609 κᾶτιοθεν
1074 3544 1210 3623 ἄγοντες.

260 3646 346 3741 apud
366 3649 467 3714 Ptur.
480 3648 512 3713 ἰιι
522 3649 658 3715 Pericle
669 3670 737 3737 cap.
748 3652 779 3712 3.
799 3645 895 3712 Certa
911 3645 990 3712 haec
1007 3660 1054 3713 est
1073 3649 1176 3714 forma
1195 3648 1255 3716 ὅτι
1275 3677 1353 3735 περ,
1372 3677 1435 3722 non
1478 3670 1482 3680 '

257 3751 277 3820 ἄ
288 3779 319 3820 τι
339 3766 393 3820 aut
413 3753 498 3834 ὅπερ.
546 3754 647 3819 Recte
666 3754 854 3820 Furrzscuu
872 3753 906 3817 in
932 3756 981 3832 17,
994 3759 1047 3821 39.
1071 3755 1212 3847 reposuit
1232 3753 1250 3821 ὅ
1266 3781 1298 3822 τι
1320 3784 1379 3844 τερ
1403 3754 1436 3836 ris

258 3861 467 3939 νοςιμᾶτοιτον
495 3883 554 3948 pro
574 3858 657 3940 drap
670 3855 723 3934 ἦν,
751 3870 785 3923 et
804 3858 1022 3925 Tuucrmuus
1041 3860 1098 3929 lt.
1123 3866 1194 3928 133.
1224 3885 1290 3927 non
1311 3864 1436 3956 scripsit

257 3957 323 4026 ἄτι
347 3956 381 4034 ἦν
400 3964 501 4025 αὐτῶν
524 3960 611 4032 ἄνθος
627 3962 794 4025 ἄπωλθιλει
815 3961 869 4026 sed
893 3958 911 4026 i
922 3986 953 4026 τι
976 3987 1032 4045 περ
1051 3960 1104 4039 ἦν,
1130 3979 1166 4032 ut
1186 3966 1303 4034 Dlottts
1327 3968 1438 4041 Castu

257 4063 395 4130 imitatio
415 4062 525 4142 docet,
545 4086 642 4153 quarn
661 4062 814 4129 indicarit
831 4064 1023 4134 Huusutuu.
1035 4070 1074 4135 ad
1087 4071 1225 4139 Lucttrt.
1238 4072 1273 4141 T.
1285 4071 1309 4138 1.
1319 4098 1353 4164 p.
1364 4079 1436 4144 171.

258 4168 297 4235 ln
318 4168 466 4234 Timonis
486 4167 574 4247 loco,
599 4190 696 4259 quem
716 4167 856 4235 illustrat
878 4176 915 4249 5,
936 4178 989 4239 55.
1012 4177 1222 4259 μεμψίμοιρος
1247 4179 1298 4244 cisi
1319 4183 1361 4254 ὡς
1384 4183 1435 4249 τὸν

258 4277 443 4341 πλοικοῦντνι
475 4270 544 4339 ὅλον
578 4276 595 4351 ἢ
626 4277 678 4340 τὸν
709 4279 764 4339 σῦν
794 4274 885 4356 μόνος
914 4277 1102 4348 τῶνᾶλλων
1128 4282 1244 4362 λᾶβον,
1275 4281 1346 4351 ὅτι
1375 4313 1432 4369 τεο
1542 4260 1546 4333 ¹·

256 4379 402 4460 λιχνείοις
422 4380 474 4444 xci
493 4381 655 4457 ἄπλνςθοις
670 4379 801 4464 ὄφελος,
826 4382 957 4460 μέθυσος
977 4383 1030 4448 κυνὶ
1049 4377 1203 4473 πᾶροινος,
1227 4389 1275 4454 vir
1297 4413 1434 4483 magnus
1546 4438 1548 4453 ι

258 4485 402 4552 Luctum
420 4485 518 4576 ipsius
536 4487 613 4552 vitio
634 4510 700 4552 non
722 4487 981 4578 intellexit‘quid
1003 4503 1083 4555 esset
1108 4489 1126 4554 d
1147 4517 1176 4557 τι
1200 4520 1257 4577 περ
1283 4501 1438 4580 λιχνείας

258 4593 311 4656 καὶ
331 4592 493 4667 ἄπλνιςίος
518 4591 631 4674 ὄφελος
651 4593 842 4684 putavitque
859 4616 926 4658 esse
948 4616 1092 4660 »earum
1111 4618 1246 4678 rerum,
1266 4625 1355 4690 quae
1371 4629 1436 4696 gu.
1547 4596 1550 4607 ’

258 4697 313 4761 lue
341 4699 643 4787 helluonulioniqae
657 4703 856 4766 ‘inserviunt
884 4701 1193 4788 delicatisst‘mum.”
1227 4706 1435 4798 Significatur
