3309 5750
868 658 934 723 386

308 863 401 930 ἔδωκε
425 881 486 952 pro
510 855 644 935 λαβεῖν,
667 850 755 943 quod
784 852 975 918 sententiam
1002 848 1174 917 absurdam
1201 851 1311 933 iacit,
1341 865 1415 921 tnrn
1437 854 1496 946 lege

308 969 381 1049 έξιῖν
402 966 446 1048 τῷ
468 960 647 1044 βουλομένῳ
661 955 844 1040 γράφεσθαι
856 957 1032 1050 ⁷expunctis
1045 959 1090 1040 τῷ
1107 956 1294 1046 [δυναμένῳ
1308 959 1384 1049 καὶ]
1397 961 1496 1041 βουλο

307 1072 409 1155 μένῳ,
441 1080 475 1136 et
504 1068 538 1132 in
563 1063 874 1155 csp.201egeiurd
898 1067 959 1128 τοῖν
981 1061 1197 1144 άγχιςέων
1220 1069 1284 1130 τοῦ
1308 1065 1424 1148 άνδρθς
1449 1088 1497 1157 pro

308 1178 368 1244 ύπθ
387 1181 448 1243 τῖον
469 1173 632 1253 έγγιςοι.
668 1169 805 1237 Fallitur
819 1168 1045 1237 Ptumcnus
1059 1190 1130 1259 cop.
1148 1172 1204 1236 24.
1220 1169 1335 1237 σύκων
1355 1171 1497 1251 ε’ξαγιιγίι

307 1284 344 1349 τὸ
368 1279 506 1348 παλαιάν
524 1275 674 1356 άπείρητο
694 1275 747 1340 καί
773 1276 808 1340 τὸ
833 1275 957 1357 φαίνειν
979 1276 1207 1354 ἐνδεικνύμενον
1225 1274 1307 1348 τοὺς
1328 1273 1498 1354 ἐξάγονται

305 1388 422 1464 έκλάθη
458 1386 686 1464 συκοφαντεῖν,
723 1402 863 1471 namque
896 1378 1080 1446 ἐνδεικνύναι
1113 1376 1294 1460 dicebant,
1324 1402 1401 1447 non
1420 1379 1499 1447 ένθεί·

307 1493 448 1558 κνυσθαι.
482 1487 522 1555 In
540 1509 611 1577 cup.
631 1490 674 1553 25
696 1486 847 1554 vitiosum
866 1496 915 1553 ost
929 1482 1184 1566 κατεγράφησαν
1199 1486 1228 1550 oi
1245 1484 1342 1565 νόμοι
1359 1488 1408 1561 είς
1422 1485 1498 1565 ξυλί·

305 1622 375 1670 νουρ
399 1595 514 1675 άξονας
542 1616 602 1685 pro
626 1591 879 1675 άνεγράφησαν,
905 1589 994 1683 qnod
1012 1589 1147 1658 verbnm
1164 1584 1295 1681 repone
1315 1592 1355 1659 in
1375 1592 1499 1661 Perire

303 1723 381 1795 αερ.
402 1705 454 1768 13.
469 1698 651 1780 δημιουργία
666 1700 698 1763 ἐν
713 1707 752 1780 τῇ
766 1699 848 1781 sits
859 1697 1108 1778 άναγέγρατται
1122 1691 1284 1785 prorisore
1301 1696 1497 1779 γέγραπται.

306 1808 348 1875 In
365 1806 594 1875 Themistocle
621 1824 692 1893 cap.
718 1805 771 1869 10.
791 1804 952 1883 κρατήσας
975 1809 1015 1883 τῇ
1034 1798 1143 1880 γνύμρ
1165 1799 1250 1866 dixit
1280 1823 1348 1892 pro
1379 1804 1497 1878 νικάτω

307 1914 364 1988 σὺν
389 1914 517 1993 γνύμην
544 1924 578 1977 et
602 1931 672 2000 οορ.
695 1912 746 1975 16.
765 1909 891 1988 γνάμην
906 1909 1039 1973 ε’ποιεῖτο
1067 1927 1126 1996 pro
1148 1907 1342 1987 εἰσηγεῖτο,
1366 1919 1407 1975 ut
1426 1916 1497 1976 rosto

309 2016 427 2107 legitur
448 2016 481 2081 in
499 2015 635 2083 Pericle
655 2035 724 2103 cop.
746 2017 797 2079 13.
819 2011 1041 2091 εἰσηγουμένου
1061 2012 1189 2091 γνύμην
1212 2014 1436 2094 Περικλέους,
1454 2012 1496 2081 ui

306 2122 406 2215 paulo
428 2133 503 2188 ento
528 2118 734 2187 scribendum
752 2117 947 2197 Μεταγένης
973 2116 987 2180 o‘
1010 2117 1189 2185 Ξυπεταιών
1210 2139 1276 2207 pro
1302 2118 1318 2183 ὅ
1341 2118 1494 2191 Ξυπέτιος.

306 2227 391 2296 Ibid.
421 2249 493 2317 cop.
525 2228 581 2293 28.
607 2225 765 2305 χρήματα
791 2224 822 2287 έν
847 2220 946 2301 χρόνῳ
968 2222 1046 2302 ῥητῷ
1068 2218 1244 2299 ταξάμενοι
1272 2222 1493 2291 κατοίσειν.

308 2334 393 2402 male
419 2331 569 2400 scribitur
591 2351 651 2420 pro
675 2326 849 2393 άτοτίσειν.
898 2322 1013 2414 Neque
1040 2322 1199 2402 Pericles,
1224 2326 1420 2417 ιι11ορίθιοσ
1438 2348 1495 2417 οορ,

308 2444 365 2508 31.
383 2437 576 2520 κληρουχίας
595 2434 777 2516 άνέγραφεν
798 2430 852 2497 sed
873 2428 1026 2512 ἔγραφεν.
1063 2428 1136 2519 lpse
1157 2430 1399 2501 Pounncnns
1420 2454 1494 2500 erro·

308 2546 355 2612 rit
379 2546 414 2610 in
443 2565 512 2634 οορ.
539 2544 592 2608 37.
619 2539 840 2618 συνεχάρησαν
873 2535 1125 2617 ἀπογράψασθαι
1156 2537 1209 2601 τὸν
1240 2538 1330 2605 υύθον
1362 2543 1411 2615 εἰς
1433 2540 1493 2611 τούς

306 2651 489 2736 φράτορας,
524 2670 629 2739 quum
660 2643 871 2710 Athenienses
900 2652 1082 2708 constanter
1111 2640 1258 2709 dicerent
1281 2644 1437 2725 εἰσάγειν
1458 2645 1493 2718 είς

224 2783 229 2790 ·
307 2757 380 2830 τοὺς
417 2754 595 2838 φράτερας,
632 2762 664 2817 et
695 2771 755 2840 pro
780 2747 1033 2830 άτογράφασθαι
1065 2748 1178 2839 ntique
1211 2750 1394 2833 ἐγγράψαι
1421 2762 1493 2819 essct

308 2859 493 2928 dicendum.
540 2856 615 2924 Non
642 2866 690 2923 est
719 2853 926 2920 Ponttncno
960 2852 1185 2945 imputandum
1216 2852 1356 2921 dicendi
1390 2857 1493 2927 sitium

309 2967 343 3035 in
371 2964 550 3034 Alm'drcde
569 2985 638 3053 cop.
658 2966 687 3028 3.
707 2958 848 3025 ἄσωστον
868 2959 953 3039 αὐτῷ
977 2960 1029 3024 τὸν
1047 2959 1116 3039 βίον
1139 2959 1290 3036 ἔσεσθαι,
1316 2964 1377 3030 sed
1402 2963 1493 3032 corri-

301 3070 450 3162 -gendum
482 3068 618 3147 άβίωτον
654 3063 756 3144 αύτῷ,
790 3085 864 3128 nam
894 3084 1000 3152 neque
1030 3062 1187 3131 Graecum
1216 3077 1265 3132 est
1288 3066 1440 3149 άσωστοι
1466 3080 1493 3138 ct

306 3175 449 3252 άσωτοι,
482 3170 569 3262 quod
601 3169 757 3235 Graecum
787 3177 853 3246 est,
886 3167 969 3234 nihil
990 3168 1077 3235 aliud
1095 3170 1255 3260 significet
1276 3195 1383 3263 quom
1405 3197 1492 3253 eum,

225 3306 228 3310 ·
309 3280 367 3372 qui
389 3279 543 3371 perditis
562 3275 707 3342 moribus
731 3271 826 3352 vivit,
849 3274 1055 3355 dissolutus,
1078 3300 1203 3367 nepos,
1226 3289 1258 3344 et
1277 3281 1369 3348 mule
1388 3288 1492 3372 ουρύ

299 3385 390 3457 ‚dixit
416 3384 556 3453 ὠνεῖσθαι
590 3380 633 3446 τά
671 3378 749 3454 τέλη
783 3378 823 3444 do
851 3378 1032 3470 publicanis
1056 3381 1224 3471 vectigalia
1249 3385 1492 3454 redimentibus

309 3517 370 3585 pro
392 3489 592 3572 μισθοῦσθαι,
615 3497 647 3552 et
668 3506 727 3576 οορ
747 3487 779 3553 8.
806 3486 843 3551 τὸ
864 3492 920 3559 τοῖς
944 3485 1143 3566 άπολείψεωι
1168 3486 1311 3566 γράμμα
1334 3493 1429 3574 παρά
1452 3492 1490 3574 τῷ

311 3597 441 3681 άρχοντι
479 3595 583 3662 θέσθαι
614 3615 674 3683 pro
704 3591 760 3665 circ
799 3591 962 3664 κακώσεως
992 3592 1121 3673 γραφὴν
1155 3591 1230 3672 πρὸς
1261 3593 1317 3658 τὸν
1349 3593 1492 3678 άρχουτα

308 3705 516 3782 άπενεγκεῖν,
549 3712 582 3767 et
611 3722 680 3788 ουρ.
709 3700 762 3764 22.
790 3696 904 3776 μάτας
935 3697 991 3771 τὴν
1020 3696 1175 3776 μέλαιναν
1196 3696 1266 3765 cirri
1292 3706 1354 3774 τῆς
1378 3708 1490 3777 λευκοῖο

308 3806 462 3891 ε’πενέγκρ
486 3811 616 3890 ψῆφον,
640 3826 713 3870 nam
740 3802 851 3884 ἐνέγκη
878 3807 985 3883 ψῆφον,
1006 3800 1161 3868 debueret
1181 3801 1308 3882 dicere,
1330 3806 1491 3889 ἐπιφέρειν

307 3920 417 3996 φῖιφον
438 3924 505 3979 turn
523 3911 673 3980 vitiosum
693 3919 741 3975 est
758 3919 856 3997 utque
875 3907 1158 3992 ἐπιψηφισαμένων
1175 3908 1208 3976 in
1225 3931 1296 4000 nep.
1312 3913 1368 3977 18.
1398 3912 1492 3979 Proo-

310 4031 397 4087 terea
425 4041 484 4107 pro
514 4020 531 4092 ἡ
561 4017 701 4095 μέλαινα
735 4011 942 4080 Athenienses
969 4013 1122 4080 dicebant
1147 4017 1165 4091 η
1191 4017 1311 4097 πλάρηι
1335 4018 1372 4104 (ἡ
1398 4017 1491 4099 άτρύ-

309 4122 422 4205 πητορ)
445 4120 497 4184 καί
520 4122 537 4195 ά
556 4116 784 4198 τετρυπημένη.
805 4115 870 4183 vid.
893 4118 1089 4188 Alscnlntn
1107 4124 1145 4188 in
1166 4121 1386 4188 Timarchum
1406 4126 1425 4210 §
1442 4126 1492 4191 79.

309 4227 349 4293 ln
379 4247 448 4315 cap.
479 4226 534 4290 27.
562 4220 757 4305 φοβούμενος
774 4219 893 4287 αἰτίαν
920 4223 1037 4302 λαβεῖν
1066 4226 1101 4289 ἐκ
1128 4225 1305 4303 βασιλέως,
1335 4224 1493 4294 debueret

311 4332 370 4397 ὑπὸ
407 4327 566 4409 βασιλέως
596 4326 717 4407 dicere,
751 4337 788 4391 ut
818 4347 912 4418 supra
943 4328 1139 4395 ostendimus
1168 4341 1201 4399 et
1229 4341 1319 4397 recte
1346 4332 1432 4402 dixit
1460 4334 1493 4401 in

283 4491 285 4496 .
310 4437 479 4505 Phocione
506 4455 577 4526 cop.
610 4437 661 4500 14.
689 4432 865 4513 τραύματα
897 4435 1006 4513 λαβὼν
1033 4435 1106 4503 ὑπὸ
1130 4443 1190 4502 τῶν
1219 4437 1493 4518 προσβοηθούντων

309 4543 524 4644 άπέπλευσεν.
569 4540 609 4606 In
638 4563 707 4630 cup.
738 4543 792 4607 30.
820 4540 947 4606 ἐναντία
980 4539 1067 4609 ύπλα
1099 4543 1144 4621 μέν
1178 4542 1342 4621 τίθεσθαι,
1367 4549 1492 4640 εἰιρρθο

210 4697 212 4701 ,
312 4648 357 4715 τά
388 4645 491 4716 ύπλα.
535 4647 578 4715 In
607 4647 766 4716 Aristide
795 4667 867 4737 cap.
898 4649 953 4713 22
982 4649 1059 4737 τοὺςΙ
1082 4646 1242 4729 ἄρχοντας
1270 4653 1430 4734 αἱρεῖσθαι
1458 4655 1493 4735 ἐξ

307 4751 482 4830 ,Ἀθηναίων
510 4753 652 4842 πάντων,
681 4752 715 4821 in
746 4753 909 4845 frequenti
936 4752 1100 4847 locutione
1123 4777 1250 4846 semper
1279 4757 1493 4831 Athenienses
