3309 5750
740 696 780 757 13

167 883 248 967 μόρῳ
270 884 312 965 σῷ
336 879 421 964 λόγῳ
440 882 506 946 uri.
531 899 606 946 nam
630 879 709 961 σόνιρ
734 876 849 963 incipit
868 895 887 940 a
910 874 1050 943 rubrica.
1098 878 1185 947 Idem
1206 902 1355 972 compen·

167 987 257 1056 dium
288 1012 328 1053 κσ
353 986 609 1073 suprascriptum
634 982 766 1073 syllabis
790 994 882 1064 Δημσ
906 1020 952 1031 -
974 984 1099 1070 peperit
1122 987 1213 1059 nobis
1236 1010 1356 1060 novum

167 1095 377 1181 scriptorem,
408 1112 503 1179 quem
532 1110 627 1157 nemo
650 1097 801 1156 veterum
823 1107 978 1174 umquam
1007 1090 1056 1156 vel
1088 1089 1183 1159 lando
1212 1097 1358 1177 audivit,

166 1199 382 1264 Danoeoarnu.
441 1196 521 1278 Quis
550 1196 583 1260 in
614 1214 651 1260 ea
686 1196 850 1281 scriptura
882 1193 981 1261 lateat
1015 1216 1152 1283 magnus
1182 1209 1214 1267 et
1243 1201 1358 1271 nobilis

167 1302 376 1390 philosophus
399 1302 449 1369 vel
483 1320 569 1366 unus
600 1299 654 1365 bic
677 1298 768 1365 locus
791 1297 966 1364 declarabit
995 1302 1028 1365 in
1059 1302 1201 1389 Appcod.
1236 1327 1267 1393 p.
1291 1314 1356 1376 775

167 1408 408 1490 deproperent:
432 1411 450 1483 ἡ
475 1406 571 1489 φύσις
596 1406 647 1471 καὶ
673 1405 826 1484 >idriam
847 1407 1065 1487 σσρσσλήσιόν
1088 1409 1147 1477 iss.
1171 1410 1224 1476 κσὶ
1247 1413 1312 1495 γὰρ
1336 1417 1355 1491 η

167 1516 282 1594 διδαχὴ
307 1513 394 1592 μετὰ
427 1516 543 1594 daupei
572 1510 623 1576 τὸν
647 1508 822 1591 ἄνθρωπον,
853 1510 940 1589 μετὰ
962 1516 1077 1592 porum
1102 1514 1253 1597 δὲφύσις
1276 1525 1361 1584 ποιεῖ

170 1619 278 1706 (ποιέει
313 1615 405 1704 leq).
455 1614 534 1697 Quis
566 1614 645 1681 haee
677 1622 806 1701 praeter
835 1612 1018 1682 Abderilom
1050 1618 1249 1686 Dsuocurruu
1279 1623 1358 1688 scri·

168 1722 273 1807 psisse
296 1721 424 1807 potest?
461 1718 659 1786 confidenter
681 1719 783 1805 igitur
811 1719 1017 1787 [innocuam
1045 1721 1135 1789 illum
1160 1726 1280 1811 passim
1303 1745 1359 1793 ex·

167 1826 345 1912 pellemus,
370 1833 405 1890 ut
425 1827 617 1891 Douocorros
641 1823 770 1891 tandem
793 1822 966 1911 aliquando
989 1846 1047 1893 sua
1071 1837 1250 1916 recuperet.
1297 1832 1357 1899 Eo-

166 1931 240 1996 dem
263 1930 357 1997 modo
380 1938 412 1997 et
435 1930 518 2002 alius
540 1929 748 2017 philosophus
771 1949 859 1995 nunc
883 1930 961 1997 latet
980 1932 1013 1997 in
1036 1952 1072 1999 eo
1096 1935 1246 2014 nomine,
1271 1935 1357 2023 quod

165 2037 195 2102 ei
218 2037 360 2122 imperiti
380 2035 502 2102 scribae
532 2036 766 2121 imposuerunt.
814 2033 851 2100 ln
881 2033 989 2102 codiee
1011 2045 1069 2102 aut
1095 2038 1215 2121 ρόδσρσρ
1235 2039 1357 2109 dicitur

165 2150 222 2207 aut
242 2141 373 2225 ιριδερσς
397 2148 454 2206 aut
474 2139 612 2226 denique
635 2139 820 2222 Ἡρόδωρος,
847 2138 943 2226 idque
964 2142 993 2208 ei
1018 2162 1132 2210 nomen
1153 2144 1299 2214 adhaesit
1323 2149 1356 2216 in

164 2247 306 2332 Appenni.
331 2268 360 2334 p.
375 2250 460 2322 689,
482 2248 502 2310 6
522 2252 554 2310 ει
572 2250 653 2322 755,
670 2250 725 2311 67.
773 2245 895 2310 Verum
916 2265 1032 2312 nomen
1050 2268 1087 2315 ex
1105 2249 1226 2333 ρόδσρσς
1243 2272 1357 2320 eruen-

166 2351 331 2430 domest,
356 2354 410 2418 eui
431 2369 495 2415 non
515 2348 633 2415 vocalis
654 2349 762 2436 aliqua
783 2357 855 2415 erat
871 2348 1068 2437 adaptanda,
1092 2353 1147 2421 sed
1171 2355 1279 2424 littera
1302 2369 1356 2438 M,

165 2475 199 2541 in
223 2495 287 2563 qua
312 2478 475 2563 scriptura
492 2460 645 2559 ’ρερόδσρσς
667 2475 855 2562 pervulgato
877 2497 967 2543 more
987 2479 1169 2546 scribarum
1193 2482 1277 2548 inest
1300 2503 1355 2549 nm

163 2622 239 2671 men
262 2603 488 2687 Μησρδδωρσς,·
505 2622 621 2689 nempe
645 2584 726 2683 ᾖηρ,
751 2586 849 2685 poplo,
867 2588 947 2686 ᾖρὶ,
970 2587 1036 2687 ρῖρσ
1063 2624 1120 2690 pro
1135 2609 1271 2689 μήτηρ,
1295 2633 1355 2687 μη.

164 2708 233 2792 σρός
258 2716 320 2776 ειε.
345 2709 487 2776 librariis
506 2713 605 2777 etiam
628 2710 823 2795 pervetustis
842 2710 920 2774 trita
942 2718 1027 2775 suut.
1053 2709 1156 2775 Sobol.
1178 2711 1219 2775 od
1244 2710 1354 2797 θάρρει,

166 2862 199 2904 σι.
215 2841 280 2903 275
305 2846 344 2920 τῇ
367 2838 490 2922 σὶρχσιίρι
513 2835 654 2918 συνηθείᾳ
678 2833 859 2918 ἐγέγραπτο
878 2817 954 2921 ff
986 2820 1240 2924 Similiter—op,
1264 2822 1355 2925 ἷρῖς,

164 2969 240 3049 σρὶ,
264 2990 348 3046 σρσ,
374 2988 430 3046 περ
455 2971 487 3030 ει
511 2963 686 3050 composita
710 2970 767 3027 aut
796 2963 939 3031 derivata
966 2965 1086 3032 multas
1117 2987 1211 3055 saepe
1243 2955 1355 3037 turbas

164 3069 345 3149 dederunt,
368 3068 547 3155 dequibus
570 3069 632 3135 alio
655 3068 723 3133 loco
747 3066 903 3137 dicemus.
951 3072 1096 3159 Denique
1117 3093 1214 3140 suum
1240 3096 1354 3143 nomeu

162 3177 354 3243 restitutum
378 3182 428 3241 est
446 3175 498 3252 ei,
531 3175 587 3261 qui
611 3175 643 3239 in
668 3173 777 3240 codice
808 3176 929 3250 Κσιέσρ
954 3177 968 3243 o‘
991 3182 1225 3258 Μασσαλιήτης
1249 3181 1354 3268 appel·

163 3281 260 3346 latur.
309 3279 409 3344 Notus
432 3278 526 3345 bomo
553 3287 602 3346 est
625 3287 658 3346 el
681 3278 800 3344 multos
831 3279 908 3346 olim
930 3279 1055 3367 decepit
1079 3283 1199 3358 Πυθέας
1224 3286 1237 3350 ὃ
1259 3295 1353 3353 Mom-

164 3385 340 3461 σσλιώσες,
363 3403 460 3470 quem
484 3384 672 3451 Garsronous
694 3381 824 3448 reduxit
847 3404 877 3469 p.
893 3389 969 3450 774.
1007 3384 1094 3451 ldem
1120 3408 1150 3473 p.
1165 3394 1228 3454 776
1255 3402 1354 3457 Πεσσ-

162 3489 284 3573 σσιρχσυ
305 3490 392 3576 eruit
416 3509 455 3554 ex
479 3489 663 3560 σισύσωνσς.
713 3485 797 3550 Satis
817 3494 951 3572 apparel
974 3507 1012 3553 ex
1040 3489 1080 3553 iis
1104 3509 1189 3583 quae
1206 3492 1354 3562 dedimus

164 3594 330 3671 codicem,
356 3593 441 3660 unde
463 3592 663 3659 Florentium
683 3589 866 3676 descriptus
891 3597 962 3664 est,
988 3609 1044 3676 per
1064 3594 1253 3679 compendia
1276 3600 1354 3663 sori·

162 3708 255 3787 ptum
280 3697 389 3769 luisse
418 3706 451 3763 et
481 3716 583 3788 nexus
611 3696 795 3761 litterarum
820 3694 1059 3774 intricatiores‚
1092 3696 1131 3760 iis
1164 3699 1276 3785 utique
1298 3703 1354 3788 qui

164 3823 344 3889 numquam
364 3803 515 3870 viderunt
534 3810 592 3869 aut
613 3822 674 3866 non
696 3809 830 3887 possunt
855 3799 938 3878 ista,
963 3802 1055 3887 quasi
1077 3800 1212 3870 lacunae
1231 3804 1354 3888 lorent,

162 3919 252 3982 ,certa
277 3909 475 3976 correctione
499 3907 657 3995 supplere.
706 3906 836 3972 Snnnus
861 3926 957 3991 quam
989 3926 1082 3994 saepe
1109 3916 1142 3974 et
1166 3930 1263 3996 quam
1291 3915 1354 3980 im-

162 4016 267 4102 perne
288 4013 321 4080 in
342 4015 382 4080 iis
403 4013 543 4080 haeserit
567 4011 644 4100 quid
670 4010 799 4098 prodest
821 4011 1011 4077 ostendere?
1042 4011 1216 4099 Aliquanto
1239 4019 1354 4089 utilius

161 4120 225 4187 erit
249 4118 494 4194 demonstrare,
531 4126 688 4205 quantum
721 4117 875 4182 vitiorum
900 4125 932 4182 et
956 4138 1103 4185 errorum
1127 4121 1155 4185 is
1179 4123 1246 4208 ipse
1270 4145 1354 4192 eom·

162 4225 307 4302 miserit,
333 4225 389 4309 qui
411 4224 581 4310 antiquum
594 4224 713 4289 librum
727 4220 946 4298 describebat,
971 4241 1010 4286 ex
1030 4222 1190 4290 scribendi
1208 4247 1355 4316 compen·

162 4329 225 4397 diis
245 4350 309 4396 non
333 4329 515 4396 intellectis.
562 4327 688 4414 Ecquid
713 4327 816 4411 magis
841 4324 1014 4390 ridiculum
1038 4347 1106 4394 esse
1127 4337 1232 4415 potest
1256 4353 1354 4418 quam

162 4444 211 4502 εει
231 4435 286 4502 hic
309 4435 399 4501 locus
423 4436 588 4511 Porrours,
612 4451 707 4519 quem
731 4431 874 4517 primum
895 4449 1009 4496 sanum
1031 4451 1188 4518 apponam
1213 4456 1251 4502 ex
1274 4436 1355 4503 libro

162 4540 201 4606 de
222 4540 321 4628 qup.
335 4541 375 4605 Il.
402 4561 431 4628 p.
447 4543 523 4606 672.
548 4540 579 4603 ἐν
596 4537 693 4619 τούτῳ
713 4538 749 4611 δὴ
768 4539 810 4618 τῷ
837 4534 973 4618 χρόνῳ,
999 4537 1030 4601 ἕν
1052 4533 1183 4620 duriore
1203 4539 1353 4617 κέκτηται

162 4649 218 4725 ,τὴν
239 4645 355 4712 viarlar
376 4645 532 4730 φρόνησιν.
570 4642 736 4709 Librarius
757 4649 867 4707 autem
886 4639 968 4706 bona
991 4639 1051 4709 lide
1075 4641 1180 4711 dedit:
1206 4644 1353 4725 ἐντούτῳ
