3309 5750
861 648 927 711 300

312 843 401 923 νόμος
421 839 562 920 είσοίνειν
577 838 660 914 isle,
686 839 943 931 scripserim'rciv
963 842 1106 910 τοιούτων
1123 842 1217 909 ἕνεκα
1235 840 1502 924 ιὶμοιρτημιέτον.

314 973 346 1039 p.
368 949 410 1013 26
430 966 462 1014 Β.
486 946 553 1011 sint
577 945 622 1011 ἔτι
646 945 820 1029 σοφίη-ερον
836 947 889 1012 ael
910 948 977 1026 ἐμοὶ
999 949 1053 1013 scal
1079 951 1158 1035 [τοῖς
1177 946 1331 1036 ἀνδράσι]
1354 948 1499 1013 τουτοισί.

313 1080 344 1146 p.
364 1057 408 1121 28
428 1074 461 1118 Δ.
485 1048 498 1115 ὃ
523 1052 558 1124 δη
582 1053 717 1123 πολλοὺς
742 1051 794 1115 nal
816 1050 934 1124 ἄλλους
964 1053 1049 1140 [xxi]
1071 1052 1210 1131 οὶγοιίοὺς
1234 1051 1362 1132 ἄνδρας
1383 1053 1495 1136 ᾕρηκεν.

314 1184 347 1250 p.
370 1161 410 1225 31
436 1177 465 1225 Β.
489 1155 542 1221 axi
562 1158 588 1221 εί
612 1155 670 1234 μέν
698 1156 772 1243 [τοι]
798 1181 829 1221 τι
851 1158 915 1221 sind
941 1158 1055 1223 τούτων
1082 1158 1255 1223 satanan.
1292 1181 1330 1247 p.
1354 1163 1397 1224 31
1422 1178 1453 1225 Β.
1473 1161 1495 1225 εί

317 1267 378 1344 ἐγὼ
406 1261 540 1351 [τοίοισι]
568 1260 761 1341 ἐπιχείρησον
784 1260 935 1341 τροίττειν
963 1261 1006 1326 τίν
1034 1261 1182 1328 πολιτικοὶ
1209 1260 1320 1327 arolam
1352 1263 1396 1329 ἂν
1416 1267 1494 1331 οἶτο-

316 1369 413 1444 nean.
449 1392 482 1458 p.
504 1369 546 1431 32
568 1387 598 1431 t.
623 1364 736 1445 ἔτυχεν
755 1368 841 1444 ἡμῶν
870 1370 886 1441 ἦ
913 1369 1001 1449 φυλὴ
1027 1368 1216 1455 [Ἀντιοχὶς]
1242 1371 1492 1449 σμυτοινεύονσκ.

316 1500 349 1564 p.
380 1478 424 1540 36
452 1491 483 1538 Β.
516 1470 549 1536 τί
583 1466 651 1546 οὗν;
682 1470 715 1536 τί
747 1469 834 1548 ἄξιός
871 1474 935 1550 είμι
968 1472 1244 1561 aalaiv3'oorrige
1273 1472 1309 1537 τί
1338 1470 1394 1539 οὖν
1415 1474 1491 1554 ίιξιίς

316 1583 380 1658 είμι
404 1580 535 1653 τκίεῖνς
570 1601 601 1667 p.
625 1579 666 1643 40
689 1594 718 1643 c.
747 1574 927 1655 μετοίκησις
957 1589 995 1659 τῇ
1021 1585 1113 1663 ψυχῇ
1143 1580 1209 1668 [τοῦ
1230 1578 1336 1643 τόσου
1356 1582 1428 1670 τοῦ]
1452 1585 1490 1648 ε’ν-

316 1684 399 1751 divis
424 1686 467 1755 είς
492 1681 723 1777 detonsione,
749 1694 914 1772 praeterea
933 1684 1038 1749 scribe
1056 1686 1247 1763 μετοίκισιι,
1274 1685 1357 1775 quia
1375 1687 1490 1752 animus

313 1791 346 1856 in
368 1800 473 1854 morte
494 1811 558 1853 non
579 1798 720 1866 μεταιτεῖ
739 1788 854 1853 ἐνθένδε
877 1790 920 1861 είς
940 1787 1164 1863 ianuarino,
1189 1788 1245 1855 sed
1263 1791 1486 1874 μετοικίζετσι.

312 1895 351 1961 In
381 1897 563 1962 Phaedone
592 1896 681 1960 locus
711 1907 758 1960 est
787 1920 821 1986 p.
844 1897 905 1960 117
930 1913 959 1961 c.
992 1896 1069 1959 ἀλλ’
1091 1894 1245 1975 εὔχεσθαί
1274 1896 1317 1974 γέ
1347 1920 1406 1962 τιον
1429 1906 1488 1969 τοῖς

313 2004 390 2073 θεοῖς
415 1998 500 2077 ἔξεςί
519 2023 555 2064 τε
585 1999 637 2063 nel
660 2001 722 2079 χρη
747 2000 802 2074 την
826 1999 1007 2077 μετοίκησιν
1025 2000 1081 2073 την
1108 1999 1222 2065 ἐνθένδε
1244 2001 1355 2065 ἐκεῖσε
1373 2002 1488 2081 εὐτυχῆ

314 2103 479 2182 γενέσθην,
517 2103 573 2193 qui
604 2103 762 2168 emblema
793 2104 825 2168 in
860 2104 1028 2194 Apologia
1057 2103 1160 2192 arguit
1193 2115 1225 2169 et
1257 2104 1331 2195 ipse
1363 2105 1488 2173 eandem

317 2208 574 2275 emendationem
599 2210 770 2290 pessimun
795 2210 927 2299 flagitat.

360 2313 391 2379 Ν
394 2336 456 2379 unc
480 2315 621 2406 denique
642 2314 682 2379 ad
702 2314 792 2380 illam
810 2326 937 2405 partem
958 2313 1140 2381 accedimus
1159 2318 1377 2407 quamobrem
1394 2320 1486 2413 potis·

314 2422 429 2489 simum
460 2423 642 2490 Lucrauurt
669 2423 703 2487 in
732 2421 781 2488 his
810 2415 1018 2489 Lectionibus
1047 2434 1182 2489 tractare
1207 2424 1433 2507 instituimus,
1456 2439 1487 2492 ut

313 2529 603 2595 demonstraremus
635 2539 756 2617 quanto
787 2550 882 2618 opere
913 2552 931 2593 a
962 2527 1147 2594 Graecitatis
1178 2531 1334 2620 antiquae
1367 2524 1487 2600 dicendi

315 2636 495 2701 sinceritate
517 2635 704 2711 desciverit,
723 2655 819 2723 quam
841 2634 941 2699 multa
962 2633 1046 2724 apud
1067 2658 1140 2701 eum
1158 2637 1362 2727 negligenter
1378 2641 1488 2731 scripta

315 2743 379 2806 sint
398 2753 431 2805 et
450 2740 482 2804 in
508 2739 678 2806 verborum
700 2737 827 2803 delectu
847 2750 879 2804 et
897 2739 930 2803 in
951 2739 1052 2804 forma
1072 2753 1105 2805 et
1125 2744 1362 2831 compositione
1381 2747 1486 2814 adver·

315 2869 366 2912 sus
385 2845 477 2911 illam
497 2856 635 2912 veterem
650 2843 806 2933 loquendi
825 2844 1109 2926 consuetudinem,
1129 2868 1225 2938 quam
1246 2871 1360 2918 omnes
1376 2853 1486 2920 referre

311 2951 512 3039 satagebant,
550 2962 644 3015 nemo
680 2972 833 3039 umquam
861 2949 980 3017 referre
1011 2953 1127 3041 potuit.
1185 2951 1364 3025 Ostendam
1393 2983 1484 3050 quatu

313 3080 407 3146 saepe
436 3057 605 3145 antiquum
634 3054 762 3122 dicendi
792 3079 885 3122 usum
914 3079 980 3122 non
1006 3058 1079 3123 satis
1107 3060 1343 3144 observaverit,
1368 3065 1486 3156 quoties

314 3162 419 3228 aliena
452 3173 483 3226 et
514 3161 626 3227 vitiosa
654 3183 691 3225 er
718 3162 924 3267 pppularium
949 3185 1094 3229 sermone
1119 3177 1151 3229 et
1177 3167 1365 3257 aequalium
1380 3171 1486 3237 ‘admi-

313 3269 454 3348 seuerit,
480 3289 577 3358 quam
607 3267 744 3357 graviter
771 3269 806 3333 in
836 3269 1002 3335 nonnullis
1032 3270 1139 3360 lapsus
1162 3272 1222 3352 sit,
1248 3274 1296 3352 et,
1327 3288 1364 3341 ut
1396 3276 1486 3368 ipsius

313 3374 420 3444 verbis
448 3385 518 3439 utar
551 3377 624 3461 (58,
652 3376 692 3462 l.)
721 3371 781 3439 ίσοι
809 3376 882 3456 πρὸς
907 3376 959 3441 τὸν
987 3377 1067 3456 ίρίὸν
1091 3376 1206 3441 κιινίνοι
1234 3381 1278 3462 τῷ
1301 3389 1487 3466 συγγραφεῖ

312 3480 534 3563 denotemus
559 3479 612 3544 ael
639 3476 700 3544 ὅσοι
722 3478 861 3559 κίβδηλοι
882 3479 935 3544 scal
961 3480 1032 3545 νίίοι
1057 3480 1111 3545 nni
1131 3487 1427 3564 τοιροικεκομμίνσε,
1451 3510 1486 3553 ne

313 3587 384 3677 quis
407 3608 559 3676 umquam
579 3585 612 3650 in
631 3584 730 3649 Attici
751 3585 905 3650 sermonis
924 3585 1119 3675 proprietate
1135 3598 1168 3652 et
1184 3609 1243 3652 usu
1261 3593 1485 3660 constituendo

314 3693 466 3759 Lucnso
495 3703 575 3757 teste
605 3702 734 3769 utatur,
764 3690 824 3754 nisi
844 3691 900 3755 ubi
922 3711 997 3755 eum
1018 3691 1111 3756 eertis
1134 3704 1167 3758 et
1184 3695 1334 3782 genuinis
1360 3701 1487 3766 testibus

318 3799 478 3864 consentit
499 3809 531 3863 et
553 3785 729 3863 orationem
749 3819 839 3861 suam
858 3796 931 3878 πρὸς
951 3796 1003 3860 τὸν
1020 3799 1100 3878 ὀρθὸν
1117 3799 1231 3863 κοινόνοι
1251 3801 1488 3886 οίιιηκρίβιισεν,

315 3926 418 3993 aquo
443 3904 469 3968 si
490 3902 620 3992 quando
641 3901 844 3967 recedentem
866 3900 1045 3966 videbimus
1065 3914 1120 3967 aut
1140 3903 1320 3972 Luctare!
1341 3924 1399 3977 aut
1420 3912 1488 4003 qui·

314 4031 455 4098 cumque
474 4009 640 4098 aliquanto
660 4017 733 4094 post
746 4006 918 4071 Alexandri
936 4019 1072 4072 mortem
1092 4008 1211 4075 Graece
1230 4013 1359 4103 scripsit
1380 4018 1487 4085 sedulo

316 4112 500 4178 cavebimus
535 4136 577 4177 ue
607 4111 738 4176 illorum
770 4112 963 4201 negligentia
1000 4126 1032 4177 et
1062 4116 1222 4183 erroribus
1250 4122 1314 4184 u'na
1347 4125 1504 4190 omnium.

315 4216 585 4307 praestantissima
607 4217 733 4308 lingua,
764 4240 827 4308 qua
847 4218 998 4284 mortales
1022 4241 1176 4311 umquam
1198 4224 1246 4288 usi
1270 4226 1354 4306 sint,
1379 4243 1488 4297 conta·

316 4322 431 4388 minari
454 4332 487 4388 et
510 4324 613 4414 pollui
637 4322 794 4390 videatur.

255 4445 259 4450 “
361 4428 434 4496 Non
464 4439 512 4493 est
542 4430 574 4493 in
601 4429 708 4494 animo
739 4452 888 4520 magnam
912 4430 1002 4496 illam
1030 4432 1154 4521 copiam
1177 4442 1233 4508 τῆς
1259 4436 1486 4519 σίκυρσλογίιις,

319 4560 417 4629 quam
434 4535 468 4599 in
486 4533 654 4599 Lucianeis
674 4535 848 4625 longousu
868 4534 1160 4612 animadverterim,
1183 4562 1309 4607 omnem
1326 4545 1490 4612 effundere

315 4655 347 4708 et
368 4655 490 4708 notare.
538 4640 576 4707 ln
591 4642 708 4706 'animo
740 4654 787 4707 est
811 4641 915 4706 studia
944 4643 1081 4707 aliorum
1107 4644 1447 4740 excitare,'ir‘nprimis
1465 4653 1490 4719 si

317 4751 374 4840 qui
405 4748 549 4843 generosi
579 4748 677 4817 animi
710 4747 839 4816 iuvenes
867 4749 998 4839 penitus
1029 4773 1096 4816 sese
1125 4752 1159 4818 in
1178 4754 1308 4821 *Graeci
1335 4760 1491 4826 sermonis
