3309 5750
882 622 923 684 22

304 820 390 868 mus:
423 795 604 863 adscribam
634 795 739 861 locum
772 816 811 863 ex
834 794 936 861 Sauro
961 793 1108 861 Emrmco
1130 793 1203 861 οιῖν.
1237 791 1385 861 Mottem.
1410 793 1436 860 1.
1462 799 1495 861 a·

301 927 333 995 p.
354 909 430 971 257.
458 902 661 969 Grammatiet'
683 902 801 980 solent,
825 901 949 987 iuquit,
972 906 1031 968 σῶν
1056 900 1142 967 aar&
1168 900 1211 966 πά
1235 900 1333 967 λοιπθι
1361 923 1496 979 κοσμου·

303 1011 402 1093 μένων
433 1012 610 1090 μοιθήροοιποο
643 1008 853 1091 κατατρέχειν
877 1010 917 1081 ὥς
939 1006 1018 1087 μηδὲ
1041 1008 1097 1082 σὺν
1129 1008 1227 1082 κοινὴν
1250 1013 1309 1073 πῶν
1333 1008 1496 1083 Ἑλλήνων

305 1117 464 1195 συνήθειαν
487 1114 699 1194 ἕπιςοιριθνυν,
723 1115 775 1179 xci
806 1112 912 1180 εῖποσε
935 1111 1088 1192 θλίβοιντο
1117 1114 1148 1178 ἐν
1171 1112 1296 1194 ζητήσει
1319 1115 1364 1191 μὴ
1388 1110 1496 1188 ἀλλην

305 1224 453 1306 εὑρίσκειν
477 1221 633 1295 πολλάκις
662 1221 834 1302 ἀποφυγὴν
865 1220 908 1294 εἰς
930 1218 965 1285 πθ
998 1223 1153 1299 περισπᾶν
1184 1219 1255 1292 τοὺς
1284 1216 1497 1299 συζκποῦνποιι

305 1332 412 1424 αὐτοῖς
437 1328 454 1404 ἢ
478 1329 513 1395 τὸ
544 1323 601 1393 θ’πι
634 1324 828 1408 βάρβσιρον
863 1325 881 1403 ἢ
915 1323 1086 1391 σθλοικθν
1121 1325 1178 1392 ε’ςι
1202 1324 1242 1389 πθ
1274 1325 1337 1389 ὑπ’
1371 1326 1496 1391 οὐσῶν

305 1434 456 1516 λεχθέν.
504 1432 563 1497 isti
586 1430 732 1496 homiues
767 1450 864 1517 quam
897 1429 1023 1497 duriter
1045 1437 1077 1494 et
1101 1448 1213 1513 aspere
1237 1427 1360 1494 soleant
1383 1429 1418 1494 iu
1444 1429 1498 1496 ad·

306 1540 466 1607 versarios
487 1537 537 1603 vel
556 1556 651 1601 secus
671 1536 847 1601 sentientes
870 1536 978 1602 invehi
997 1543 1029 1601 et
1050 1533 1242 1600 debacchari
1261 1542 1337 1598 uota
1356 1553 1409 1599 res
1430 1542 1497 1615 est,

308 1666 406 1734 quam
438 1661 650 1727 unaquaeque
681 1650 769 1707 aetas
796 1640 882 1727 apud
906 1640 1058 1727 populum
1083 1640 1263 1705 litteratum
1292 1638 1374 1705 vidit
1394 1649 1428 1707 et
1453 1641 1497 1706 vi·

308 1750 406 1817 debit.
454 1747 513 1813 Est
532 1746 592 1812 hoc
611 1766 738 1832 quoque
766 1747 887 1812 eterit
914 1765 1041 1832 semper
1068 1744 1316 1831 pervulgatum,
1346 1752 1383 1810 ut
1414 1748 1498 1813 eiua·

309 1855 397 1923 modi
421 1852 599 1940 petulantia
621 1860 654 1918 et
677 1852 871 1939 protervitas
894 1871 970 1917 cum
994 1851 1063 1938 pari
1087 1850 1217 1917 levitate
1244 1857 1276 1916 et
1297 1851 1429 1925 inscitia
1457 1864 1499 1929 sit

311 1961 493 2027 coniuncta.
538 1957 608 2024 Non
639 1957 706 2024 vidi
734 1957 897 2023 hominem
927 1958 962 2022 in
989 1956 1049 2023 hoc
1075 1976 1193 2042 genere
1223 1956 1433 2023 morosiorem
1466 1963 1498 2022 et

312 2066 506 2151 asperiorem
539 2083 636 2149 quam
668 2064 861 2129 Panrmouus
887 2070 959 2139 est,
992 2061 1220 2129 acerbissimus
1247 2060 1402 2127 orationis
1425 2079 1496 2128 exa·

312 2178 401 2245 otor,
427 2170 460 2234 iu
485 2168 631 2255 querelas
649 2167 789 2248 effusus,
812 2168 854 2235 ad
875 2167 1130 2236 maledicendum
1151 2174 1316 2254 promtus,
1341 2184 1445 2251 oeque
1464 2165 1497 2231 in

313 2273 473 2342 laudando
497 2293 651 2359 umquam
672 2293 776 2359 neque
795 2275 829 2339 in
853 2272 1115 2361 reprehendendo
1138 2272 1269 2339 modum
1291 2291 1443 2349 servans,
1467 2278 1499 2338 at

316 2381 401 2450 idem
427 2379 631 2445 truculentus
654 2398 768 2447 censor
792 2381 1030 2467 castigatorque
1057 2380 1195 2446 otiorum
1224 2378 1330 2445 videte
1353 2378 1386 2444 in
1418 2396 1498 2463 quoa

316 2507 459 2563 errores,
473 2506 569 2573 quam
582 2485 690 2553 foedos
703 2492 734 2550 et
747 2485 929 2572 pudendae,
942 2506 976 2552 se
993 2485 1160 2571 implicare
1172 2486 1282 2572 possit.
1306 2484 1343 2549 ln
1356 2483 1500 2570 Epitomc

313 2592 475 2660 νιοιιιῖιιυιιι
495 2602 524 2659 et
546 2592 710 2658 verborum
733 2590 906 2657 Atticorum
931 2612 1003 2678 pag.
1019 2596 1095 2657 553.
1120 2591 1191 2656 Lon.
1217 2592 1262 2657 ita
1282 2590 1414 2657 scribit:
1438 2589 1499 2656 σθν

316 2700 439 2767 πκῖδιι
469 2699 531 2766 σὸν
555 2699 840 2763 ἀκολουθοῦντα
873 2700 971 2777 μετ’
992 2700 1125 2763 αὐτοῖς
1161 2699 1281 2770 Λυσίκς
1305 2697 1336 2761 ἕν
1358 2698 1401 2778 τῷ
1427 2694 1500 2761 κοτ’

315 2803 530 2886 Αθποκράπους
552 2800 629 2869 οὕτω
642 2812 680 2887 τῇ
700 2802 846 2882 συυπάξει
865 2813 1000 2886 χρῆσον,
1024 2803 1118 2885 ἐχρῆν
1138 2804 1170 2868 δὲ
1189 2801 1282 2877 οὕτως
1299 2803 1419 2867 εἰπεῖν·
1439 2800 1500 2867 τὸν

319 2911 602 2976 ἀκολουθοῦνποι
626 2910 737 2990 carp.
771 2911 814 2974 TI
835 2909 873 2974 ἀν
890 2906 939 2975 οὖν
959 2910 1041 2992 <Dela
1065 2931 1127 2984 πις;
1142 2910 1294 2990 ἀρικρτεῖν
1317 2906 1502 2974 πὸνΛυσῖοιν

320 3016 337 3092 ἢ
362 3013 490 3080 νοθεύειν
524 3019 627 3080 κοινοῦ
654 3017 822 3095 σχήματος
849 3024 984 3097 χρῆσινς
1017 3016 1093 3081 ἀλλ’
1124 3016 1192 3080 ἐπεῖ
1217 3013 1318 3090 ξενικὴ
1351 3011 1445 3101 (adde
1470 3011 1502 3100 ἡ)

319 3119 456 3193 σύνθεσις
476 3117 580 3195 πάντνρ
605 3121 821 3202 ποιροιιτνπὲοι,
847 3120 949 3202 partor
973 3121 1004 3185 δὲ
1028 3122 1248 3187 ἀκολουθεῖν
1273 3120 1386 3200 κάπῷ.
1434 3118 1503 3184 Non

319 3225 385 3290 vidi
409 3225 522 3311 magis.
568 3226 668 3292 Attici
692 3233 878 3292 constanter
900 3246 1011 3292 omues
1032 3227 1066 3290 iu
1089 3245 1127 3291 ea
1147 3245 1181 3290 re
1202 3226 1351 3291 dicabant
1374 3228 1505 3292 ἀκολου·

321 3334 381 3399 θεῖν
401 3331 486 3412 part
508 3355 588 3406 τινος
609 3340 641 3398 et
665 3330 792 3398 ἕπεσθον
812 3332 898 3411 μεσά
921 3356 1018 3409 τινος,
1042 3350 1146 3416 neque
1166 3331 1259 3396 aliter
1282 3351 1379 3416 quiam
1405 3332 1452 3397 sic
1473 3332 1506 3397 iu

323 3438 469 3525 populari
499 3457 645 3504 sermone
677 3439 783 3504 dicere
808 3440 859 3503 ius
882 3446 930 3504 est
954 3438 992 3502 de
1014 3437 1148 3502 servatis
1177 3437 1337 3501 domitiam
1364 3459 1444 3523 pone
1464 3457 1508 3502 ae·

323 3545 504 3631 quetttt'boa,
527 3544 625 3630 deque
645 3544 799 3609 militibus
817 3545 871 3630 qui
896 3545 984 3630 σι’ριιο
1002 3544 1090 3628 aequi
1112 3544 1266 3609 dicuutur.
1312 3543 1414 3609 Ἕπου
1437 3543 1509 3622 μετ’

323 3651 421 3729 ἐμοῦ,
455 3648 633 3730 πκιδάριον,
667 3648 700 3712 in
732 3648 826 3713 Pluto
861 3669 908 3712 vs,
930 3652 995 3714 824
1028 3668 1091 3712 non
1123 3649 1187 3714 erit
1211 3648 1348 3714 Atticum
1375 3648 1402 3713 si
1433 3645 1507 3714 ἕπου

322 3752 547 3832 predicetur,
571 3758 682 3816 contra
706 3753 738 3816 in
764 3751 874 3818 eadem
898 3751 1004 3818 sabula
1027 3772 1073 3818 vs,
1097 3758 1148 3820 19.

459 3856 494 3932 iit
517 3858 561 3934 μθ
585 3855 708 3940 φράσιρς
731 3852 750 3922 θ’
769 3881 799 3923 σι
824 3857 895 3939 τῷδ’
918 3859 1143 3938 ἀκολουθοῦμέν
1166 3884 1260 3939 ποπε,

321 3963 350 4028 si
374 3961 460 4040 ρεσά
487 3961 576 4026 τοῦδε
604 3968 688 4026 esset
717 3963 899 4047 scriptum,
925 3965 1025 4030 risum
1052 3973 1203 4031 moveret.
1251 3963 1303 4030 Sic
1327 3967 1400 4043 μετ’
1419 3967 1510 4030 Ἀλε-

323 4064 449 4147 ξάνδρου
472 4068 648 4131 ἀκολουθεῖν
672 4065 827 4134 dicuntur
856 4070 986 4156 copiae,
1009 4069 1203 4153 Ἀλεξάνδρῳ
1233 4071 1410 4136 ἀκολουθεῖν
1429 4070 1510 4158 μοι·

324 4191 487 4248 srormrm,
512 4171 734 4238 Cnuursruouus
747 4181 778 4239 et
799 4175 913 4260 siquis
933 4176 1016 4242 alius
1036 4196 1098 4241 uon
1117 4176 1276 4241 militabat
1289 4177 1320 4240 in
1334 4177 1512 4242 Auexnnonr

322 4276 449 4343 castris.
497 4277 601 4342 Huius
628 4278 675 4343 rei
697 4298 797 4364 quum
829 4288 980 4346 sexcenta
1011 4281 1156 4368 exempta
1177 4283 1260 4360 siut,
1284 4281 1360 4367 quid
1386 4301 1512 4347 moroso

323 4382 540 4448 Grammatico
569 4380 688 4461 facias,
724 4386 779 4471 qui
808 4386 887 4452 alias
919 4407 971 4453 res
995 4407 1094 4473 agens
1127 4397 1158 4453 et
1191 4387 1369 4452 dormitans
1381 4384 1512 4477 plausum

324 4486 422 4553 stulte
442 4486 570 4571 carpit?
596 4488 763 4556 Contraria
784 4511 893 4558 errore
916 4492 1083 4558 Louaoruus
1113 4493 1152 4558 ad
1175 4494 1343 4558 Pnnrmcur
1368 4492 1433 4578 tp.
1459 4492 1512 4558 de-

322 4600 436 4680 eeptus
460 4592 538 4657 iocis
558 4596 719 4680 corruptis
741 4604 773 4662 et
794 4597 988 4662 testimoniis
1010 4607 1246 4684 poetastrorum
1275 4598 1358 4664 serio
1385 4598 1513 4664 induruit

323 4699 357 4764 in
387 4698 533 4767 animum
565 4704 812 4782 capraemontem
840 4704 991 4774 Graecum
1008 4725 1084 4771 esse
1111 4712 1143 4771 et
1175 4705 1369 4771 Denosraunr
1394 4706 1509 4772 obtru·
