3309 5750
806 644 869 717 179

248 835 326 904 cod.
354 834 511 911 άλθοντα,
530 833 601 901 >sed
632 833 755 923 corrige
785 833 877 900 sodes
903 834 991 917 παρά
1012 839 1068 912 τὴν
1091 820 1285 906 θάλασσαν.
1316 840 1424 907 Etiam

246 945 346 1035 magis
367 941 539 1008 ridiculum
557 952 605 1007 est
624 941 659 1006 iu
681 939 878 1007 ommium
898 965 930 1031 p.
953 945 1026 1008 139.
1056 943 1141 1026 ὤφθη
1164 945 1354 1027 Καλλιρρόη·
1365 947 1424 1026 μέν

247 1051 298 1124 ἐπὶ
320 1049 524 1130 χρυσηλάτου
549 1048 655 1124 κλίνης
674 1048 946 1132 άνακειμένη....
979 1048 1113 1129 Χαιρέας
1136 1051 1167 1114 δέ
1191 1053 1271 1132 αὐτῇ
1295 1076 1423 1133 περικα-

247 1156 394 1234 θήμενος,
413 1156 579 1245 aliquanto
599 1153 764 1219 decentius
786 1152 1062 1232 παρακαθήμενος,
1085 1153 1198 1233 eredo,
1219 1156 1424 1222 scribendum

249 1270 306 1325 est.
355 1260 390 1327 P.
413 1265 464 1326 44.
489 1261 541 1326 usi
565 1260 625 1332 τάς
647 1261 755 1329 κώπας
777 1267 850 1329 ταῖς
872 1256 981 1337 χερσὶν
1004 1257 1224 1350 ἐκβαλόντες,
1249 1261 1425 1327 rectissime

249 1362 356 1430 Codex
375 1375 448 1438 ταῖς
468 1364 577 1445 χερσὶν
600 1363 729 1430 omittit.
763 1361 798 1427 P.
810 1364 864 1427 49.
888 1358 940 1424 καὶ
963 1361 1030 1424 οὐδὲ
1050 1369 1247 1443 λουτρῶν...
1270 1366 1423 1443 δεόμενον.

247 1469 350 1535 scribe
369 1470 464 1538 οὐδέν.
481 1485 484 1489 “
501 1469 535 1535 Ρ.
558 1473 609 1535 51.
632 1457 741 1550 χειρός
761 1467 917 1547 ὠφέλειαν
939 1466 1091 1540 άλλάλοις
1111 1470 1333 1545 μετεδίδοσαν,
1358 1470 1425 1536 imo

248 1595 325 1641 rero
343 1573 465 1646 άλλοις.
496 1574 545 1645 Ρ.
566 1578 619 1638 56.
648 1574 755 1644 κύκνος
781 1568 882 1649 όμοιος
909 1569 976 1647 ἐμοὶ
1004 1570 1099 1650 γέρων
1126 1572 1302 1650 γενόμενος.
1334 1574 1424 1641 rideo

248 1678 334 1746 istud
366 1675 485 1758 όμοιος,
521 1678 655 1744 emenda
677 1676 785 1755 ὁμοίως
811 1674 901 1752 ἐμοί,
925 1673 1013 1764 quod
1035 1674 1229 1743 Buorcrrros
1249 1681 1425 1770 proecepit.

246 1785 280 1850 P.
303 1789 356 1850 57.
380 1783 435 1849 καί
455 1810 491 1849 σε
509 1781 579 1849 οἶδα
597 1783 730 1861 νέμοντα
748 1780 912 1861 πρωθήβην
935 1781 965 1842 ἐν
986 1779 1089 1860 ἐκείνῳ
1112 1782 1154 1861 τῷ
1175 1781 1239 1846 ἕλει
1258 1785 1292 1848 τό
1314 1787 1423 1851 πλατὺ

243 1887 416 1967 βουκόλων.
455 1887 532 1954 cod.
561 1891 592 1953 ἐν
620 1887 722 1969 ἐκείνιρ
746 1888 789 1967 τῷ
810 1883 884 1965 όρει,
918 1883 974 1973 qui
1003 1883 1093 1949 locus
1119 1898 1166 1951 est
1187 1890 1339 1955 armentis
1363 1877 1445 1956 υΙί-Δ

245 2004 367 2085 quanto
387 1994 546 2058 salubrior
566 2014 663 2083 quom
683 1989 770 2063 έλος,
795 1989 831 2054 in
853 2011 917 2080 quo
941 1988 1057 2054 melius
1077 1989 1239 2072 βάτραχοι
1263 1994 1422 2072 νέμονται.
1511 2023 1514 2025 ’

244 2100 280 2165 Ρ.
306 2103 361 2166 64.
396 2097 468 2176 άμα
503 2096 692 2176 μειδιάματι
727 2095 935 2176 κατέδραμον.
971 2106 1058 2159 recte
1092 2092 1170 2160 cod.
1195 2098 1421 2179 προσέδραμον.

244 2205 410 2269 Praeterea
438 2201 473 2266 iu
498 2199 617 2266 Codice
638 2211 686 2265 est
708 2200 877 2280 ἐνθεάτεροι
902 2201 933 2264 δὲ
958 2202 1032 2281 πρὸς
1054 2200 1110 2273 τὴν
1130 2202 1279 2266 ἐπιοῦσαν
1304 2203 1422 2284 ἡμέραν

245 2320 277 2375 et
297 2308 491 2388 ἐπειγόμενοι
516 2309 589 2387 πρὸς
609 2307 652 2369 τά
677 2305 874 2386 φιλήματα,
900 2303 985 2369 unde
1012 2305 1135 2391 corrige
1158 2301 1338 2372 Gouurrurr
1362 2312 1422 2372 no·

244 2425 309 2480 torn
331 2414 389 2502 (4).
438 2412 473 2477 P.
494 2415 547 2477 66.
577 2409 734 2489 λαγωούς.
755 2406 825 2473 cod.
844 2412 953 2487 λαγὼς
979 2422 1011 2478 et
1030 2410 1113 2473 iufra
1133 2412 1176 2482 εἰς
1198 2413 1289 2491 θήραν
1310 2420 1421 2490 λαγῶν

245 2530 277 2587 et
297 2520 342 2585 sic
361 2519 495 2583 Leucus
514 2517 601 2582 olibi.
633 2516 706 2603 Peg.
723 2517 775 2581 68.
799 2515 855 2587 τὴν
873 2515 971 2594 λόγον
988 2516 1173 2597 άπέφαγον.
1196 2514 1275 2582 cod.
1297 2517 1421 2598 ε’πέφοι·

243 2648 310 2705 γον.
338 2624 423 2713 Lege
442 2623 630 2704 κατέφαγον
652 2642 689 2685 ex
707 2643 740 2709 p.
753 2622 806 2684 69.
829 2620 885 2692 τὴν
907 2620 1005 2698 λόγον
1024 2620 1231 2685 κατεσθίουσι.
1255 2633 1286 2685 et
1301 2645 1332 2710 p.
1347 2624 1421 2687 130.

243 2730 299 2804 τὴν
332 2730 429 2807 λόγον
459 2728 493 2792 αί
523 2727 579 2791 σαί
604 2721 796 2802 ποτεαίγες
827 2723 1027 2804 κατέφαγον.
1059 2736 1091 2789 el
1111 2725 1156 2790 sic
1177 2749 1295 2816 repone
1315 2752 1345 2817 p.
1366 2731 1419 2796 72.

243 2834 432 2916 κατέφαγον
462 2834 518 2907 την
551 2832 660 2911 λόγον.
697 2828 803 2920 Siglae
833 2841 954 2896 veteres
983 2829 1042 2897 hos
1067 2854 1188 2898 errores
1214 2846 1418 2924 pepererunt.

244 2941 280 3007 P.
301 2943 356 3005 72.
381 2940 433 3003 ὑπ’
455 2941 547 3019 όργης
565 2937 770 3017 ὁρμήσαντες.
809 2948 896 3002 recte
927 2934 1034 3001 Codex
1063 2938 1269 3027 participium
1288 2940 1419 3007 omiuit.

243 3048 279 3118 P.
301 3050 355 3113 73.
380 3045 527 3126 ζυμθτου.
554 3043 625 3110 cod.
645 3036 726 3125 ζόμη
744 3049 810 3110 τοῦ.
839 3045 996 3110 Graecum
1015 3057 1061 3112 est
1081 3045 1221 3127 ζυμίτου.
1248 3047 1283 3113 P.
1300 3049 1354 3112 73.
1372 3047 1418 3126 μέν

242 3153 294 3219 καὶ
313 3150 613 3233 προσκαταγέλαςοι
640 3149 786 3228 γένοιντο.
813 3148 925 3216 Scribe
946 3151 1071 3216 divisim
1090 3152 1163 3230 πρὸς
1183 3152 1418 3232 καταγέλαςυι.

243 3258 277 3323 Ρ.
305 3260 358 3323 75.
391 3255 492 3320 οὐκέτ’
523 3254 712 3333 ἐγίγνωσκον
744 3257 912 3338 περαιτέρω
947 3265 1050 3322 πλεῖν.
1087 3255 1235 3320 Praefero
1266 3253 1353 3345 quod
1384 3255 1419 3322 in

244 3350 431 3432 Godioe‘est
449 3361 503 3424 οὐκ
524 3358 699 3436 ἐγίνωσκον.
742 3357 776 3423 Ρ.
798 3362 851 3424 77.
875 3360 934 3431 τάς
955 3362 1012 3438 μὲν
1039 3355 1138 3439 αἶγας
1156 3359 1336 3439 άποδέρουσι
1363 3357 1416 3422 καὶ

240 3470 283 3538 τά
309 3467 459 3548 πρόβατα
484 3465 685 3529 καταθθουσι.
711 3462 782 3551 lege
802 3466 984 3545 άποδεροῦσι
1008 3466 1281 3530 -καταθόσουσι,
1314 3463 1347 3527 Ρ.
1365 3466 1417 3530 78.

241 3571 378 3654 ἐῴκεσαν
399 3574 562 3644 ἐλεοῦσαι,
589 3567 727 3634 rescribe
748 3569 921 3641 ἐλεοάσαις.
957 3569 990 3634 Ρ.
1011 3573 1065 3636 80.
1090 3572 1133 3643 είς
1154 3568 1245 3634 ὕπνον
1265 3567 1415 3648 άρμησεν.

243 3675 321 3743 cod.
339 3677 382 3747 είς
398 3673 489 3739 ὕπνον
508 3673 669 3754 τρέπεται.
704 3673 738 3739 Ρ.
750 3679 803 3741 83.
818 3673 989 3752 μηνίοντος.
1008 3673 1084 3741 cod.
1098 3681 1265 3754 μηνιῶντος
1282 3674 1419 3740 solemni

243 3782 336 3860 sitio,
357 3780 396 3846 de
416 3803 482 3870 quo
502 3802 598 3870 supra
619 3778 765 3846 diximus.
804 3780 838 3844 P.
860 3783 912 3846 84.
936 3782 992 3855 τὴν
1014 3781 1097 3859 ὑμάς
1123 3779 1321 3858 ταράξασαν.
1338 3777 1417 3848 cod.

241 3874 324 3955 bene
355 3887 586 3968 ταράττουσαν.
635 3887 669 3952 P.
692 3893 744 3953 85.
777 3886 942 3966 ἐξέτρεχεν
963 3889 1018 3950 οὐκ
1041 3885 1301 3964 ἐξολισθαίνοντα.
1332 3886 1418 3952 mole

242 3992 394 4060 Couerurr
424 3995 477 4056 οὐκ
507 3993 639 4058 inseruit
665 3992 705 4057 de
732 4015 806 4071 suo,
839 3991 894 4056 sed
915 3989 1153 4069 ἐξολισθάνοντα
1173 3987 1248 4054 dare
1268 3989 1417 4059 debebat.
1460 4001 1461 4004 ’

240 4099 388 4166 Suaviter
416 4096 568 4162 dicuntur
594 4099 737 4164 oviculae
757 4099 880 4163 incerto
906 4108 937 4162 et
956 4096 1083 4161 lubrico
1104 4094 1235 4182 vestigio
1256 4096 1417 4173 ἐξολισθά-

240 4230 318 4279 νειν,
344 4225 409 4269 non
432 4203 509 4267 item
530 4205 563 4267 αἱ
587 4199 679 4283 αἶγες
705 4201 755 4269 οἷα
781 4206 815 4278 δὴ
840 4205 1069 4283 κρημνοβατεῖν
1096 4203 1277 4280 εἰθισμέναι.
1309 4203 1342 4269 Ρ.
1361 4207 1417 4271 86.

238 4311 330 4391 μόλις
351 4311 383 4375 δέ
409 4309 519 4387 ἐμβιος
542 4307 707 4387 γενόμενος
731 4309 838 4399 inepte
867 4307 992 4372 Rhetor
1018 4308 1096 4372 dirit
1124 4330 1183 4397 pro
1208 4306 1342 4386 ἔμπνους
1365 4310 1417 4376 rel

209 4430 212 4435 '
239 4414 349 4487 έννους.
399 4415 435 4480 Ρ.
457 4418 510 4482 88.
534 4420 588 4479 τοῦ
615 4415 717 4487 Πανός
741 4413 957 4492 ἐμνημόνευον.
996 4414 1110 4478 Melius
1131 4411 1210 4479 cod.
1229 4415 1416 4493 ἐμνημόνευ-

237 4544 307 4621 σαν.
358 4521 391 4586 Ρ.
412 4523 464 4586 90.
499 4521 530 4592 ἐς
552 4519 647 4597 βίαν,
675 4518 834 4584 Graecum
862 4531 908 4584 est
928 4520 1002 4600 πρός
1022 4519 1117 4597 βιάν,
1151 4531 1185 4584 ut
1206 4521 1279 4601 πρὸς
1302 4520 1414 4599 όργάν,

237 4627 310 4706 πρὸς
332 4625 445 4707 χάριν,
472 4624 544 4690 alio.
589 4625 702 4692 1²:91.
731 4627 841 4706 παμόν
865 4623 987 4692 lonico.
1014 4624 1122 4692 Codex
1141 4628 1254 4705 τεμόν.
1291 4623 1338 4696 P.
1360 4626 1416 4692 91.

238 4729 370 4805 καθίσας
393 4731 504 4813 όρθιον,
529 4729 610 4812 όρθός
634 4731 764 4823 opinor,
794 4730 912 4819 deiude
940 4730 1069 4800 εθπνοιοι
1098 4730 1133 4798 in
1153 4729 1273 4799 Godioe
1290 4740 1338 4798 est
1356 4750 1417 4820 pro
