3309 5750
724 659 788 722 315

167 847 273 913 πίπε·
308 848 354 918 iss
392 849 456 930 γαρ
491 848 570 931 ίίρας
605 850 784 927 δηλωτικόν·
817 848 877 917 olon
895 850 1049 925 ,κίπίντος
1081 850 1161 923 τινὸς
1195 850 1340 926 πηνίκα

167 953 460 1033 insignirem
492 955 547 1020 ἐὰν
571 955 659 1038 είπης
685 956 783 1034 μετα
808 954 872 1020 δύο
897 955 914 1031 ἢ
936 964 1042 1037 τρεῖς
1068 954 1186 1035 ἡμέρας
1209 958 1264 1019 οὐκ
1291 957 1338 1035 dp·

166 1057 222 1129 ίῶς
241 1060 329 1139 ἐρεῖς.
354 1059 408 1123 ε’ίιν
424 1059 455 1123 δὲ
472 1058 560 1141 είπης
581 1056 692 1124 iudas
715 1059 732 1135 ἢ
755 1060 839 1139 περί
862 1058 1110 1139 μεσημβρίαν
1134 1060 1222 1139 ὀρθῶς
1241 1060 1337 1139 ipsiu

166 1184 250 1251 quae
279 1186 352 1228 vera
381 1175 454 1229 sunt
484 1163 613 1253 quidem
636 1161 690 1229 sed
712 1185 776 1229 non
798 1186 925 1231 omnem
946 1186 1039 1228 usum
1061 1163 1204 1237 adverbii
1222 1162 1340 1237 πηνίκα

166 1268 436 1358 complectuntur.
486 1270 548 1353 Qui
566 1292 661 1360 quem
683 1282 772 1359 rogat
790 1272 908 1346 πηνίκα
923 1309 937 1320 -
949 1297 980 1345 -ς
1006 1270 1046 1336 de
1066 1292 1106 1335 eo
1125 1283 1269 1360 tempore
1287 1291 1341 1333 ro·
1419 1257 1422 1265 ¹

165 1386 237 1462 gat,
269 1376 355 1465 quod
387 1376 556 1440 definitum
583 1388 614 1440 et
643 1375 852 1441 constitutum
871 1388 904 1441 et
927 1387 1050 1441 eertum
1071 1387 1137 1454 est,
1167 1386 1202 1439 ut
1222 1375 1248 1440 si
1269 1373 1341 1463 quis

167 1502 205 1545 ex
224 1492 406 1548 astronomo
427 1493 574 1572 quaerat:
600 1482 716 1557 πηνίκα
740 1481 881 1561 ἐκλείψει
908 1480 921 1544 ὁ
947 1479 1050 1557 η’κιοςς
1075 1479 1109 1545 id
1130 1480 1254 1569 quaerit
1274 1502 1341 1568 quo

157 1594 256 1659 ,certo
284 1597 428 1677 tempore
446 1588 493 1652 sol
517 1586 700 1653 defecturus
718 1585 768 1652 sit.
814 1584 877 1669 Qui
896 1585 1068 1677 respondet
1087 1585 1128 1651 ad
1149 1585 1230 1651 haee
1251 1585 1340 1664 μετὰ

167 1692 213 1757 δύ’
238 1692 254 1768 ἢ
279 1701 361 1773 τρεῖς
385 1692 501 1773 ἡμέρας
523 1692 605 1758 nihil
625 1691 712 1757 dicit.
759 1692 883 1757 Eodem
901 1692 999 1758 modo
1021 1692 1140 1758 dieitur
1157 1692 1274 1767 πηνίκα
1291 1690 1338 1758 ἐπὶ

167 1802 221 1863 ποῦ
241 1800 401 1872 sessuram
428 1809 459 1863 ot
480 1799 596 1873 πηνίκα
615 1799 661 1866 ε’ςί
688 1805 744 1872 πῆς
765 1798 901 1880 ἡμέραςς
938 1821 1021 1890 quae
1051 1800 1096 1864 ita
1126 1808 1279 1887 rogantur
1307 1809 1342 1862 ut

167 1901 234 1993 ipsa
264 1926 337 1993 pars
365 1903 441 1968 anni
469 1914 500 1968 et
522 1902 586 1969 diei
609 1914 757 1969 accurate
777 1902 959 1969 definienda
978 1905 1035 1983 sit,
1058 1904 1190 1969 sirecte
1211 1924 1343 1991 respon·

168 2007 243 2073 dere
264 2008 350 2074 selis.
382 2008 500 2074 Contra
523 2008 600 2075 πότε
621 2009 666 2075 ita
688 2008 822 2088 dicitur,
843 2022 878 2075 ut
898 2010 931 2075 id
953 2023 1078 2101 tempus
1097 2009 1256 2073 incertum
1277 2029 1344 2083 essa

167 2113 365 2202 intelligatur
384 2126 417 2179 et
437 2114 570 2180 lortasse
591 2136 768 2205 numquam
787 2113 949 2195 futurum,
974 2127 1010 2180 ut
1029 2115 1054 2180 si
1073 2126 1165 2205 pater
1184 2112 1225 2178 ad
1242 2112 1344 2178 disso-

166 2217 272 2283 lutum
300 2216 405 2282 filium
431 2218 526 2283 dicit:
549 2221 684 2307 quando
703 2219 754 2284 ad
769 2213 935 2286 meliorem
946 2222 1087 2311 frugem
1105 2218 1264 2285 redibis?
1293 2219 1345 2283 di·

167 2322 307 2389 seudum
328 2335 376 2387 est
397 2324 475 2390 πίπε
498 2326 726 2406 σαφρονησαςς
753 2326 779 2390 si
800 2327 917 2402 πηνίκα
937 2327 1067 2394 dixisset
1090 2325 1244 2391 ridiculus
1263 2323 1345 2390 suisa

168 2443 225 2496 set.
273 2430 372 2495 Recte
401 2430 498 2520 igitur
527 2431 707 2519 quaeritur:
738 2432 855 2507 πηνίκα
878 2435 903 2497 oi
929 2432 1049 2511 γάμοις
1076 2432 1151 2521 quia
1171 2435 1344 2496 constituta

167 2549 214 2602 est
234 2537 355 2626 nuptiis
374 2536 460 2615 dies,
483 2536 568 2601 male
590 2537 707 2612 πηνίκα
729 2532 944 2615 πο),εμηπίρν’;
974 2539 1049 2628 qula
1073 2538 1106 2602 id
1132 2550 1259 2628 tempus
1279 2561 1345 2602 uon

168 2656 215 2709 est
250 2643 429 2710 definitum.
485 2643 585 2708 Recte
621 2642 817 2709 Pomanus
850 2644 966 2719 πηνίκα
995 2646 1114 2710 δοκεῖτε
1143 2646 1261 2709 ἁλῶναι
1290 2644 1347 2718 πην

167 2749 276 2825 πίλννς
307 2773 383 2815 uam
414 2762 540 2841 tempus
571 2751 675 2841 ipsum
703 2760 850 2814 accurate
880 2748 952 2813 sciri
981 2761 1108 2840 poterat
1133 2748 1213 2813 urbe
1235 2770 1345 2812 reeens

168 2867 271 2946 captu.
318 2855 433 2946 ltaque
463 2856 607 2947 peccarit
637 2855 754 2922 iterum
787 2854 958 2921 Lucrinus
988 2858 1049 2935 56,
1080 2858 1110 2920 4.
1140 2855 1217 2919 ἀλλ’
1251 2851 1283 2919 oi
1305 2878 1345 2932 ys

167 2962 269 3029 κύκνοι
304 2963 419 3038 πηνίκα
451 2964 523 3041 ὑμῖν
557 2961 698 3046 dissum
732 2961 766 3026 in
787 2967 804 3050 ᾗ
826 2966 856 3026 2.
876 2961 955 3026 πίπε
974 2963 1005 3027 δὲ
1027 2959 1111 3050 (lege
1129 2959 1178 3047 δή)
1204 2957 1255 3022 ἐπὶ
1285 2957 1345 3029 τὰς

165 3068 308 3149 αἰγείρους
329 3068 530 3150 αφεὲίμείκς
565 3080 715 3158 potuerat
745 3067 851 3133 dicere
879 3068 1012 3146 πηνίκα,
1045 3089 1120 3132 narn
1142 3064 1245 3131 sicubi
1268 3062 1344 3127 illae

165 3173 294 3239 arbores
314 3173 352 3238 ad
376 3174 496 3239 Padum
517 3175 670 3253 fuissent,
693 3186 819 3264 poterat
840 3174 967 3239 deliniri
988 3186 1114 3264 tempus
1136 3174 1257 3264 ipsum,
1278 3193 1344 3261 quo

165 3280 246 3345 illue
265 3291 369 3344 essent
390 3279 583 3368 perventuri.
627 3278 672 3344 Ut
690 3279 868 3368 plurimum
888 3291 995 3343 autern
1015 3279 1131 3354 πηνίκα
1152 3278 1216 3342 diei
1236 3275 1343 3364 eoepit

165 3386 206 3450 de
237 3394 328 3473 parte
350 3386 548 3472 praesentis
576 3384 664 3460 diei,
696 3394 729 3448 et
757 3405 858 3473 quum
884 3382 982 3447 horae
1006 3382 1166 3447 numerari
1185 3382 1343 3458 solerent,

165 3491 283 3568 πηνίκα
312 3500 378 3554 erat
408 3487 485 3570 ὥρας
518 3488 705 3567 δηλωτικόν,
733 3500 768 3553 ut
801 3489 1019 3555 Punrtucuus
1050 3488 1171 3554 scribit.
1219 3488 1341 3550 drutus

165 3597 385 3662 Hsuournuus
401 3606 473 3684 post
493 3595 677 3661 llosnruuu
693 3621 725 3687 p.
750 3599 824 3662 438.
849 3597 884 3660 πὸ
904 3595 994 3672 ἡνίκα
1013 3593 1066 3658 καί
1088 3594 1123 3658 τὸ
1147 3592 1263 3668 πηνίκα
1288 3591 1339 3656 ἐπί

163 3708 218 3769 ποῦ
244 3705 348 3783 καιροῦ
378 3708 434 3774 τῆς
462 3702 579 3782 ἡμέρας
606 3705 749 3782 μᾶλλον,
781 3703 817 3768 πὸ
847 3702 879 3767 δὲ
906 3700 983 3765 πίπε
1008 3700 1059 3764 ε’πί
1081 3697 1202 3780 χρόνον.
1236 3695 1282 3764 ist
1308 3696 1340 3760 δὲ

165 3807 218 3874 καί
243 3809 277 3872 πὸ
297 3807 413 3883 πηνίκα
435 3807 485 3871 ε’πί
512 3815 615 3888 χνπεί
639 3808 726 3890 παραὶ
749 3811 792 3892 τῷ
814 3806 1015 3886 Δημοσθένει.
1041 3816 1221 3871 monstrum
1238 3810 1342 3884 χνπεί

164 3924 279 3978 uatum
311 3923 356 3976 est
387 3933 424 3976 er
448 3901 475 3993 9}
497 3899 533 3979 irx
557 3912 577 3978 i.
599 3934 626 3978 e.
649 3911 759 3993 χρόνον
783 3913 872 3994 παρα
899 3911 953 4000 (πῷ
973 3911 1188 3999 Δημοσθένει).
1236 3911 1342 3974 Loous

163 4018 396 4086 Duuosruurus
416 4016 532 4104 legitur
549 4040 580 4106 p.
601 4020 683 4097 329,
702 4021 753 4084 23.
772 4021 802 4083 ἐν
821 4017 903 4082 τίσιν
920 4010 970 4081 οὖν
989 4017 1027 4080 σὺ
1047 4016 1100 4080 καί
1121 4015 1237 4091 πηνίκα
1252 4031 1339 4094 λαμ·

163 4122 256 4204 πρίς;
282 4123 358 4197 ἡνίκ’
382 4121 419 4186 dv
439 4124 536 4187 εἰπεῖν
559 4146 589 4187 τι
611 4124 697 4188 κατὰ
720 4125 836 4189 τούτων
863 4123 924 4206 δίη.
952 4144 1017 4205 uon
1045 4133 1171 4211 poterat
1201 4121 1339 4187 odiosius

163 4227 271 4293 dicere
299 4251 395 4317 quam
426 4226 470 4291 sie
496 4225 711 4293 adversarium
741 4229 889 4295 consulto
910 4228 971 4292 sibi
989 4227 1029 4291 ad
1051 4227 1223 4293 dicendum
1243 4237 1339 4292 certa

164 4343 315 4424 tempora
332 4336 516 4398 constituta
532 4331 661 4396 laudere.
687 4330 751 4397 Sed
772 4333 869 4398 redeo
886 4332 965 4396 illue
982 4331 1070 4399 uude
1087 4332 1243 4424 digressus
1257 4357 1338 4400 sum.

162 4447 180 4530 §
203 4444 254 4505 12.
279 4441 418 4520 πατρῷον
445 4438 556 4519 Φίλαν,
590 4438 688 4503 Attici
708 4439 870 4521 παπρικόν.
910 4447 928 4528 §
951 4443 1002 4505 18.
1025 4439 1139 4522 ἄμφω,
1159 4440 1209 4504 illi
1229 4439 1338 4520 αίρκφίὸ

164 4569 255 4627 τερα.
292 4543 330 4608 ln
351 4547 389 4611 8.
411 4550 447 4620 2,
474 4548 500 4610 l.
525 4544 608 4610 οὐδέν
627 4547 690 4613 ε’ςίν
719 4542 801 4623 tun
825 4542 1000 4620 πεποίηκας
1026 4569 1082 4625 με,
1108 4557 1228 4612 veteres
1255 4546 1339 4610 οὐδὲν

164 4648 182 4716 ί
199 4675 229 4714 πί
256 4651 300 4713 οὐ.
350 4649 506 4738 Perpetua
535 4650 727 4740 negligentia
750 4649 920 4717 Lucrinus
938 4651 1000 4729 μη,
1031 4650 1157 4730 μηδείς,
1181 4650 1339 4729 μηδέποτε

164 4765 259 4822 oaett.
289 4753 414 4844 ponere‘
438 4754 518 4819 solat
547 4754 601 4820 ubi
625 4758 675 4831 οὐ,
701 4755 814 4835 οὐδείς,
840 4755 986 4822 οὐδέποτε
1007 4767 1096 4822 erant
1114 4755 1278 4845 ponenda,
1303 4764 1339 4818 ut

124 4864 127 4869 '
1074 4862 1132 4909 ss*
