3309 5750
822 649 888 713 239

260 846 520 915 emendationem
548 846 609 911 loci
638 845 837 911 Pcurrucnr
855 844 890 908 iu
910 845 977 910 rita
1002 842 1174 911 Ciceronis
1194 868 1262 937 cap.
1283 852 1314 913 9.
1345 849 1436 915 Λύκι-

259 973 319 1025 νιος
344 952 457 1032 muoso
482 951 653 1033 κρινόμενος
675 956 798 1023 κλοπῆς
825 951 878 1013 ὑπ’
903 950 999 1013 adron
1024 950 1092 1014 xri.
1141 950 1292 1018 chtruus
1314 953 1436 1019 linctu

258 1057 509 1147 repetundarum
537 1067 703 1121 accusatus
732 1065 780 1118 est
808 1073 876 1117 non
900 1076 925 1116 a
947 1050 1116 1120 Grcunortt
1140 1056 1207 1139 (ὑπ’
1226 1058 1355 1140 edroi),
1379 1058 1437 1146 qui

256 1164 326 1253 ipse
346 1164 477 1230 Proctor
493 1164 534 1229 de
553 1160 740 1252 repetundis
760 1157 953 1248 quaerebat,
972 1159 1026 1223 sed
1044 1159 1364 1249 omnicreantem,
1384 1164 1435 1225 ἐπ’

259 1271 367 1333 edroi.
392 1270 445 1333 ἐπί
464 1292 543 1339 τινος
569 1267 687 1331 dicitur
705 1265 745 1328 de
764 1286 821 1341 eo,
845 1264 930 1353 apud
950 1287 1046 1353 quern
1068 1267 1140 1356 quis
1160 1281 1346 1345 accusatur,
1370 1267 1434 1332 sive

255 1393 309 1437 rer
337 1374 402 1439 sire
431 1375 631 1461 magistratus
659 1384 723 1449 est,
756 1369 875 1437 deinde
900 1370 940 1435 de
974 1372 1100 1450 iudice,
1135 1374 1220 1463 apud
1242 1396 1339 1464 quem
1360 1374 1432 1462 quis

257 1499 384 1543 causam
401 1478 496 1556 dicit,
513 1478 652 1567 denique
669 1476 709 1541 de
730 1488 809 1541 teste
830 1488 885 1543 aut
900 1475 1035 1554 arbitro,
1052 1501 1159 1543 coram
1177 1487 1243 1568 quo
1265 1478 1342 1568 quid
1362 1478 1434 1542 lieri

254 1582 385 1647 dicitur.
433 1582 662 1673 Exemplorum
691 1593 738 1647 est
764 1604 879 1670 magna
907 1583 1008 1671 copia.
1029 1586 1047 1667 ς
1071 1585 1122 1649 18.
1152 1585 1204 1648 τόν
1231 1584 1341 1661 ὀβολόν
1366 1582 1430 1663 ἔχοι

253 1686 299 1750 τά
321 1687 490 1766 πορθμοῖς,
513 1708 626 1753 revoca
644 1688 686 1767 τῷ
708 1689 848 1768 πορόμεῑ.
876 1689 893 1771 §
915 1694 969 1753 20.
994 1689 1065 1760 τοὺς
1087 1688 1212 1760 όδόντοις
1237 1694 1432 1769 συγκροτῶν,

251 1790 376 1877 corrige
397 1792 583 1870 συγκρούειν.
620 1794 637 1875 §
663 1794 717 1854 21.
750 1789 838 1870 πιιρόι
866 1793 1033 1856 Μικύλλου
1065 1794 1136 1857 τινόι
1166 1792 1276 1868 ὀβολόν
1306 1792 1432 1872 προσδο-

253 1899 329 1966 κῶν,
361 1894 493 1958 emenda
514 1894 601 1974 ποιρά
624 1896 769 1960 Μικύλου
790 1894 883 1966 τινός.
919 1896 1062 1968 Μικύλσς
1087 1918 1160 1962 tera
1178 1896 1282 1961 forma
1302 1908 1369 1975 est,
1394 1905 1429 1961 nt

252 1998 431 2077 Δι’σχύλος,
454 1994 603 2075 Ἡδύλος,
627 1998 805 2079 Κριιτύλυς,
829 1999 1011 2079 Θρασύλος,
1025 2000 1198 2080 Δερκύλος,
1215 2001 1428 2081 Δερκυλόδιις.

249 2100 324 2167 alia.
373 2102 613 2168 Cncnluncuus
632 2102 738 2192 llpigr.
758 2104 813 2167 28.
837 2110 920 2179 χοιῒοι
944 2104 1044 2185 φίλος,
1069 2110 1085 2191 ΙΙ
1106 2104 1249 2176 Μικύλος
1271 2103 1301 2169 al
1321 2127 1352 2169 τι
1372 2126 1430 2169 πο-

225 2207 336 2285 ,νςρόν
361 2208 498 2287 trivero
527 2209 608 2284 μῆτε
637 2207 675 2270 σὺ
703 2206 805 2286 κούφη
835 2212 852 2293 ΙΙ
879 2205 1000 2284 Γόχνεσ.
1032 2205 1237 2287 Θράσυλλος.
1272 2206 1428 2280 Δίυλλος,

249 2311 422 2389 Ἥρυλλος,
443 2310 522 2387 alia,
546 2322 619 2375 sunt
640 2308 839 2389 ὑποκοριςικά
863 2331 901 2375 ex
922 2317 1129 2391 Θρασυκλῆς,
1155 2317 1306 2384 Διοκλῆς,
1335 2312 1429 2390 ‘Hro-

250 2422 347 2493 rats,
386 2428 423 2482 ut
455 2417 585 2482 Antonii
615 2414 700 2480 lilius
734 2414 961 2504 appellabatur
995 2413 1208 2482 Alexandriae
1236 2416 1427 2488 Ἄντυλλος.

251 2524 342 2606 §24.
367 2520 485 2593 ἀλλους
510 2519 697 2602 προσκάλει,
730 2518 845 2608 supple
874 2520 912 2584 σὺ
931 2520 957 2582 δ’
979 2518 1097 2589 ἀλλους
1119 2518 1301 2597 προσκάλει.
1337 2525 1354 2605 §
1373 2522 1427 2586 26.

248 2625 316 2689 οὐδὲ
344 2625 446 2703 λόγιον
475 2625 554 2703 ἔδει,
581 2624 652 2713 lege
674 2623 769 2689 οὐδέν.
788 2658 835 2671 -
851 2620 976 2693 πλεόους
1007 2620 1024 2696 ἢ
1046 2620 1187 2700 μυρίους,
1213 2619 1269 2685 hic
1298 2641 1429 2712 quoque

247 2730 379 2794 restitue
403 2736 495 2794 πλεῖν
519 2728 548 2803 ἀ.

294 2834 447 2924 Sequitur
475 2834 676 2901 suavissimus
702 2830 785 2897 liber
812 2829 881 2910 περὶ
906 2836 966 2894 τῶν
991 2827 1042 2894 ἐπὶ
1069 2830 1166 2910 μισόῷ
1193 2828 1362 2912 συνόντων,
1392 2833 1428 2898 in

248 2960 314 3031 quo
340 2943 358 3024 ς
381 2942 410 3005 1.
430 2962 489 3029 pro
511 2937 625 3008 ύςιότον
644 2938 714 3028 lege
733 2935 859 3006 ύςάτιον
884 2958 919 3001 er
939 2935 1073 3000 Horror
1096 2933 1218 3023 θάρρει.
1239 2936 1295 3002 lll.
1317 2941 1368 3004 14.
1393 2937 1428 3003 τό

246 3044 364 3126 πρῶτόν
388 3067 434 3108 τοι
458 3042 584 3123 ἔπειτοι,
606 3045 638 3109 τό
663 3046 688 3110 δ’
707 3041 832 3112 ύςάτιον
852 3041 1037 3117 κοιτιιλόξυς
1065 3043 1082 3126 §
1107 3045 1138 3105 3.
1163 3043 1295 3107 δειπνεῖν
1312 3043 1426 3109 δεῖπνον

245 3156 406 3222 πολυτελῆ
430 3149 483 3213 κού
508 3149 701 3227 ἀσύμβολοι,
725 3145 842 3213 melius
865 3153 1026 3219 πολυτελῆ
1053 3145 1270 3224 ἀσυμβόλους.
1319 3148 1427 3214 Poetis

246 3254 296 3319 ius
316 3266 362 3318 est
382 3253 502 3318 dicere:
527 3254 711 3331 ἀσύμβολον
731 3236 854 3318 adeona
876 3252 921 3329 μῆ
939 3250 1187 3330 πυριιλόμποινε,
1205 3263 1260 3315 nut
1278 3254 1425 3332 ἀσύμβο-

243 3360 298 3425 λόν
319 3381 356 3422 τε
379 3366 476 3437 χοῖροι
496 3357 690 3436 προσβοιλεῖν
712 3357 804 3438 βσρρῖ,
830 3365 863 3420 et
884 3353 1015 3430 similia,
1035 3353 1206 3419 Lucmrtus
1224 3356 1340 3421 maluit
1361 3357 1421 3422 dt-

245 3463 325 3529 ticos
353 3461 460 3551 sequi,
483 3462 540 3550 qui
565 3482 674 3527 omnes
699 3459 881 3550 loquuntur
900 3472 936 3524 ut
960 3459 1142 3525 duscuruns
1161 3460 1194 3524 in
1218 3460 1420 3529 Yz'moroheo

244 3594 277 3659 p.
305 3572 359 3647 ll,
384 3570 436 3633 13.
460 3568 492 3632 ri
514 3566 576 3647 χρῆ
602 3565 727 3642 λέγειν,
757 3561 833 3629 ότιιν
855 3565 1012 3644 μειράκιον
1039 3565 1101 3628 νέον
1126 3574 1285 3640 πολυτελῆ
1309 3568 1421 3633 δεῖπνα

243 3676 349 3755 δειπνῆ
376 3672 572 3750 ἀσύμβολος.
622 3667 661 3733 ln
683 3672 701 3755 §
722 3672 752 3735 9.
776 3670 912 3748 χρῆσύοιι
938 3667 1011 3747 πρός
1037 3664 1055 3731 ό
1076 3690 1106 3731 τι
1134 3666 1172 3732 ἀν
1197 3670 1339 3744 ε’ύέλιισι,
1365 3693 1421 3737 ex·

242 3800 349 3868 punge
371 3776 463 3858 πρός,
491 3773 577 3865 quod
598 3796 693 3841 nemo
712 3793 866 3863 umquam
884 3772 917 3837 in
937 3794 974 3837 ea
990 3793 1024 3838 re
1040 3770 1173 3838 addidit.
1207 3775 1224 3857 §
1248 3760 1298 3840 ll.
1323 3775 1358 3850 ῆν
1373 3777 1417 3841 τόι

242 3882 337 3962 ἀριςοι
359 3882 495 3963 πράξῆς,
521 3882 593 3948 dele
617 3882 797 3948 articulum.
835 3883 852 3966 §
878 3884 929 3946 12.
953 3881 1136 3960 νύτύχςτιιό
1158 3902 1203 3943 σοι
1229 3880 1338 3946 πόντοι
1360 3891 1417 3958 τῆς

241 3989 340 4064 εὐχῆς
373 3985 529 4067 μειζόνως.
584 3986 755 4055 Locnros
782 3986 948 4075 scripserat
977 3983 1085 4050 πάιτιι
1116 3985 1216 4063 εὐχῆς
1248 3987 1413 4068 μειζόνως,

238 4146 242 4153 .
1036 4112 1066 4149 W

241 4179 314 4234 nata
341 4180 387 4235 cst
408 4167 624 4259 dittographiu
643 4194 660 4236 e
680 4171 877 4238 correctione
896 4169 1010 4236 erroris
1034 4193 1152 4250 τνχῆς,
1176 4166 1253 4233 hino
1273 4173 1412 4253 εύτυχῆς

238 4292 275 4353 Ε.
298 4285 445 4363 εὐτυχεῖς
472 4281 546 4361 olii,
579 4289 634 4357 τῆς
658 4286 755 4365 εύχῆς
785 4282 947 4350 Securus
1001 4281 1134 4348 Gravius
1156 4282 1252 4369 etiam
1275 4284 1412 4350 afflictus

237 4406 285 4461 est
305 4395 394 4459 locus
415 4397 432 4479 §
457 4400 507 4461 15.
531 4396 696 4477 τεκμύριον
718 4397 890 4473 ποιούμενοι
918 4396 971 4457 τοῦ
995 4393 1039 4470 μῆ
1061 4395 1135 4472 παρ’
1158 4391 1247 4475 ἀλλιρ
1268 4394 1411 4476 πρότερόν

237 4533 273 4575 σε
305 4509 532 4589 δεδειπνηκόρρμι
561 4507 614 4575 aa>
640 4508 675 4573 τό
703 4507 806 4573 κοιινόν
835 4501 916 4571 rival
941 4528 986 4568 σοι
1016 4503 1051 4567 τό
1077 4502 1303 4584 χειρόμιιιιτρον
1328 4507 1409 4570 ritt-

235 4643 337 4701 μενον.
373 4618 544 4686 mirificum
569 4639 643 4687 sune
668 4617 731 4686 hoo
751 4629 800 4685 est
816 4616 989 4683 indicium:
1014 4613 1039 4679 si
1058 4613 1111 4680 cui
1134 4615 1267 4681 mantile
1289 4637 1408 4682 norum

234 4733 427 4825 apponitur,
442 4756 620 4825 numquam
638 4757 720 4828 eum¹
734 4733 811 4801 loris
828 4753 977 4801 coenasse
998 4741 1145 4820 apparot.
1173 4728 1252 4796 letae
1271 4729 1407 4830 ineptius
