3309 5750
882 624 924 685 68

301 798 449 866 Graeculi
462 796 601 878 ίττοοριοιι
614 806 645 864 et
658 796 764 871 ἕκτην.
792 794 878 861 Unda¹
897 802 946 861 est
966 794 1107 874 δοιτετῆ,
1128 796 1211 882 qnod
1235 800 1402 883 sequitur,
1423 804 1485 869 nisi

299 924 318 971 e
341 904 468 991 poetis?
494 904 526 970 in
547 897 609 989 quo
634 902 754 968 Rhetor
775 902 893 966 iterum
915 902 1058 987 peccavit
1080 902 1164 987 quod
1184 912 1310 969 vetusto
1333 908 1486 975 vocabulo

300 1009 425 1077 affinxit
448 1008 487 1075 de
508 1028 566 1074 suo
589 1006 855 1093 significationem
881 1026 977 1091 quam
1011 1007 1127 1072 voluit:
1160 1008 1298 1086 διιτετης
1319 1020 1368 1077 est
1392 1013 1423 1079 ei
1446 1015 1486 1079 ab

299 1116 373 1182 Iorr
397 1116 520 1181 missus.
546 1111 570 1202 §
592 1118 622 1179 5.
658 1112 780 1178 utiliter
810 1111 976 1178 notabitur
1004 1112 1183 1197 scripturae
1211 1113 1427 1202 discrepantia
1451 1121 1485 1184 in

299 1219 499 1304 ἐξηγειρόμην
521 1227 553 1285 et
575 1219 781 1301 διηγειρόμην.
827 1218 863 1283 ln
886 1216 996 1283 multis
1018 1217 1182 1283 codicibus
1207 1228 1316 1285 utrum
1339 1223 1365 1287 δι
1384 1243 1424 1287 an
1449 1224 1486 1302 εξ

299 1328 458 1413 seriptum
479 1326 522 1390 sit
543 1323 646 1389 oculis
669 1322 809 1388 discerni
830 1343 893 1388 uon
914 1330 1028 1408 potest.
1065 1322 1126 1403 Qui
1147 1323 1293 1391 codicum
1314 1328 1486 1414 inspicien-

299 1430 414 1498 dorum
439 1430 623 1497 facultatem
649 1450 712 1495 non
737 1427 878 1506 habent,
902 1428 1035 1495 Basrrun
1060 1430 1233 1514 inspiciant
1257 1432 1289 1495 in
1316 1432 1483 1503 Conament.

298 1536 464 1623 Ροίοοορν.
489 1555 560 1622 pag.
581 1541 655 1602 711.
703 1534 762 1599 Vix
788 1532 901 1600 eredas
924 1534 987 1598 nisi
1011 1532 1043 1598 id
1067 1553 1124 1620 per
1147 1535 1266 1600 multos
1289 1557 1389 1603 annos
1413 1540 1484 1607 dili·

298 1649 412 1728 genter
435 1640 653 1707 observaveris
680 1659 777 1727 qnam
801 1658 896 1725 saepe
924 1639 958 1703 in
982 1639 1168 1725 compositis
1191 1641 1217 1706 δι
1243 1650 1274 1707 οι
1293 1641 1330 1719 εξ
1350 1644 1483 1713 confusa

299 1748 335 1813 iu
360 1746 451 1813 libris
482 1747 601 1812 nostris
628 1745 764 1811 lectores
796 1745 903 1810 urinus
927 1752 1039 1810 acutos
1058 1752 1091 1810 et
1114 1747 1296 1831 suspicaees
1318 1748 1483 1818 ludificen-

300 1858 365 1917 tur.
411 1852 458 1918 De
480 1850 650 1937 permultis
670 1850 768 1929 iocis,
793 1849 847 1915 ubi
869 1848 955 1914 hunc
977 1868 1119 1914 errorem
1140 1849 1355 1936 deprehendi,
1380 1876 1483 1924 unum

298 1976 386 2023 nuno
420 1954 567 2022 indieaho
597 1976 614 2022 e
644 1955 738 2021 Lrsm
769 1955 801 2020 in
830 1954 948 2021 eximia
983 1954 1126 2019 oratione
1160 1958 1245 2021 nard
1275 1963 1481 2037 Διογείτονος.

300 2061 324 2152 S
342 2067 394 2129 14.
420 2064 451 2129 ἐν
471 2062 534 2145 γὰρ
552 2071 593 2146 τῇ
602 2061 756 2136 διοικίσει,
781 2056 826 2125 ὅτ’
849 2060 884 2124 ἐκ
895 2065 1054 2125 Κολλυτοῦ
1067 2060 1218 2142 διῳκίζετο
1230 2064 1273 2136 είς
1285 2066 1339 2140 τὴν
1354 2069 1482 2149 Φοοιδρον

297 2168 404 2235 οίκίοον.
452 2169 620 2254 Leguntur
638 2167 716 2232 haec
740 2166 809 2231 sine
831 2164 896 2230 ulla
916 2166 986 2231 vitii
1007 2166 1197 2252 suspicione.
1246 2169 1286 2234 m
1311 2190 1404 2235 nemo
1429 2193 1481 2239 ne-

298 2274 361 2340 scit
388 2272 466 2360 quid
497 2274 539 2338 sit
567 2271 736 2354 διοικίζειν,
767 2271 948 2357 oppositum
982 2269 1078 2336 verbo
1105 2272 1298 2353 συνοικίζειν,
1327 2283 1401 2341 nota
1427 2297 1481 2343 ars

298 2398 432 2458 eorum,
463 2379 518 2465 qui
552 2378 715 2444 civitatem
738 2376 820 2442 helio
844 2377 962 2442 victam
986 2383 1018 2442 et
1041 2376 1207 2442 subactam
1232 2398 1288 2464 per
1317 2380 1404 2447 vicos
1436 2382 1483 2448 di·

284 2492 472 2571 ,spergunm
497 2503 536 2549 ne
559 2483 644 2549 vires
675 2481 870 2549 coalescant:
895 2490 1061 2547 natusest
1086 2482 1253 2563 διοικιομὸς
1277 2487 1478 2566 Μαντινέων,

299 2590 355 2677 qui
376 2589 574 2673 διῳκίσίηοοον
600 2596 763 2670 τετραχῇ,
788 2587 922 2652 Xruoru.
936 2586 1021 2652 Ηοίί.
1041 2587 1076 2651 V.
1101 2608 1134 2652 11.
1162 2594 1196 2665 7,
1220 2588 1252 2653 in
1274 2610 1336 2674 qna
1359 2592 1427 2677 ipsa
1445 2614 1480 2660 re
1523 2649 1525 2653 Α

298 2694 385 2761 idem
397 2693 530 2759 verbum
544 2693 659 2757 tritum
670 2700 737 2767 est,
753 2691 838 2758 unde
851 2693 939 2758 iocus
951 2694 1099 2758 Pnnroms
1113 2694 1145 2758 in
1158 2694 1300 2780 Spmpce.
1315 2717 1344 2781 p,
1357 2702 1431 2763 193.
1441 2700 1478 2765 Α.

285 2800 386 2868 'Nihil
417 2798 503 2865 aliud
524 2797 672 2880 διοικίζειν
692 2796 873 2883 signifieat,
898 2796 977 2862 nibil
995 2796 1083 2863 aliud
1106 2808 1329 2885 pennatorum
1350 2802 1480 2891 linguae

298 2905 482 2990 significare
504 2910 618 2990 potest.
666 2901 804 2988 Miprare
835 2904 868 2967 in
890 2903 969 2969 aliae
992 2903 1086 2969 aedes
1116 2905 1238 2972 dicitur
1258 2905 1477 2990 ἐξοικίζετίοοι,

299 3009 385 3077 uode
404 3009 567 3088 ἐξοίκισος,
587 3015 624 3073 ut
646 3007 680 3072 iu
704 3006 787 3072 Pace
810 3026 857 3072 vs.
878 3010 954 3074 205.
1107 3008 1109 3012 ⁴

525 3111 707 3197 ἐξῳκίσαντο
731 3113 757 3179 δ’
781 3113 807 3178 οἱ
831 3112 897 3178 θεοὶ.
912 3113 992 3188 τίνος
1015 3111 1142 3192 οὕνεκεν,

296 3225 503 3306 opponuntur
531 3219 617 3285 inter
646 3238 680 3285 sc
702 3217 890 3300 ἐξοικίζοροκι
913 3226 944 3285 et
976 3220 1176 3303 είτοικίζομοοο
1203 3230 1239 3289 ut
1262 3223 1295 3288 in
1319 3225 1480 3294 Aesourms

301 3323 483 3391 Timarodeo
507 3323 530 3414 S
557 3328 631 3391 124.
656 3324 711 3390 ἔδον
734 3325 760 3391 δ’
783 3326 826 3397 εἷς
858 3321 889 3390 ἓν
908 3325 1023 3393 τούτων
1043 3333 1102 3394 τῶν
1121 3329 1172 3394 ε’ντὶ
1193 3337 1264 3403 wie
1287 3331 1363 3406 ὁδοῖς
1388 3334 1480 3415 ἔργον·

296 3430 404 3514 eripior
428 3430 530 3512 ἰατρὸς
552 3430 751 3506 εἷτοικίτκτκι
782 3431 913 3513 ίκτρεῑον
936 3435 1182 3512 carcirem-ida
1204 3436 1230 3500 δ’
1254 3437 1268 3500 ὃ
1291 3438 1348 3515 μὲν
1371 3437 1480 3515 ἕξοικί·

296 3562 390 3615 τητοοι
403 3586 413 3615 ,
427 3538 478 3612 εἰς
497 3536 528 3603 δὲ
549 3539 584 3602 τὸ
607 3537 685 3604 adri
704 3541 795 3603 τοῦτο
819 3538 997 3619 ἕργοοςήριον
1007 3539 1151 3619 χαλκεὺς
1172 3541 1371 3617 εἰτοικίοητοοι
1392 3560 1480 3625 χειλ-

295 3652 374 3710 κεῖον
397 3644 532 3720 ἐκλήθη,
564 3640 618 3707 ubi
642 3641 767 3708 codices
795 3662 906 3707 omnes
928 3641 1080 3709 barbaras
1102 3642 1222 3709 formas
1250 3646 1328 3713 dant
1350 3650 1479 3728 εἰοοικη·

295 3772 389 3824 οητοιι
413 3756 445 3813 et
467 3746 682 3824 ἐξοικήσητοοι,
706 3766 786 3831 quas
809 3747 942 3811 θνοοοαο
964 3745 1041 3812 iecit
1063 3747 1255 3828 Srrrnnnus3
1281 3773 1395 3839 nempe
1418 3757 1479 3821 εἷο-

294 3853 466 3919 οικίσοοοίοι
490 3850 611 3916 dieitur
642 3851 697 3936 qui
731 3851 799 3936 ipse
823 3848 909 3913 ultro
933 3851 965 3914 in
991 3851 1115 3938 aliquas
1142 3854 1235 3922 aedes
1259 3858 1479 3944 immigravit,

294 3957 529 4031 είοοικισίῆνοοι,
561 3956 616 4041 qui
644 3954 683 4020 ab
706 3954 769 4020 alio
798 3955 831 4020 in
860 3953 1001 4040 aliquam
1034 3978 1148 4024 novam
1180 3961 1288 4028 sedem
1319 3963 1479 4032 deductus

295 4071 362 4140 est,
385 4081 449 4148 quo
466 4060 549 4126 iacto
570 4067 705 4146 uterque
719 4061 843 4125 ἐνοικεῖν
863 4057 993 4126 dicitur.
1041 4063 1223 4131 Reddamus
1243 4062 1479 4153 igitur’censeo

294 4167 406 4233 Lrsrnn
429 4166 569 4244 ἕξοικίσει
594 4173 625 4230 et
646 4163 804 4248 ἐξῳκίζετο
827 4173 861 4231 et
884 4166 917 4231 in
941 4166 1130 4235 Arcrruaone
1152 4171 1369 4255 διηγειρέμην,
1393 4175 1479 4260 quod

294 4273 390 4339 nauci
414 4292 479 4338 non
510 4277 580 4348 cst,
611 4270 819 4349 abiiciamus,
848 4271 1008 4339 -latentem
1041 4275 1073 4339 in
1105 4276 1305 4360 ἐξηγειρόμην
1335 4288 1477 4347 veterem

293 4378 406 4444 aoristi
428 4375 587 4452 formam,
613 4376 778 4445 Graeculis
801 4377 997 4457 inauditam,
1020 4379 1194 4464 ἐξηγρόμην
1217 4386 1249 4448 in
1271 4385 1374 4451 lucem
1388 4405 1477 4452 rern-

292 4482 448 4551 cabimus.
494 4481 637 4568 Denique
666 4484 699 4549 in
735 4481 758 4571 S
783 4487 801 4549 ί
834 4503 891 4568 pro
913 4480 944 4550 οί
961 4485 1047 4568 φέρει
1076 4487 1111 4551 τὸ
1134 4487 1203 4569 ένκρ
1227 4491 1426 4576 reposuerim
1450 4486 1481 4555 οί

292 4589 376 4671 ῥέπει
396 4597 428 4657 ct
448 4586 644 4670 οίληίίζετέοοι
677 4588 794 4656 aoristo
820 4590 1027 4665 νῖληίίτοιτίκι
1058 4597 1305 4680 anteposuerim.
1354 4597 1474 4663 Μέλλει
