3309 5750
860 614 900 682 il

289 795 363 877 τίιρε
389 794 513 879 corrige
535 790 629 866 οὕτως
649 793 877 876 ἐκκεχυμένως.
903 792 926 883 8
947 796 977 857 β.
1001 801 1214 877 μουσουργῶνς
1239 796 1303 861 imo
1326 804 1384 862 τῶν
1404 822 1478 876 μου·

286 900 488 984 conpensu
510 907 541 966 et
565 896 589 987 8
613 904 642 965 5.
668 900 720 965 καῖ
744 899 904 982 πρόσωπον
928 901 1012 981 αὐτῷ
1033 901 1158 985 corrige
1180 903 1232 968 καί
1254 903 1288 968 τὸ
1312 903 1472 984 πρόσωπον

286 1007 383 1088 αὐτῷ.
408 1010 473 1091 §la
497 1014 636 1081 λαλῆσαι
664 1005 829 1085 cupieos:
865 1014 1005 1081 λαλῆσαι
1039 1013 1071 1071 et
1095 1005 1243 1093 ineptum
1267 1007 1402 1075 verbum
1426 1017 1488 1075 est·

290 1119 323 1177 et
345 1112 452 1198 inepte
476 1110 654 1198 abundat„
701 1158 703 1164 -
1463 1199 1466 1203 ,

334 1216 437 1304 ltpist.
458 1219 512 1281 66.
530 1216 582 1282 τὸν
593 1217 629 1282 ἐκ
653 1216 848 1298 Βρεντησίονε
873 1214 984 1302 supple
1006 1215 1057 1282 ποθ
1080 1218 1116 1280 έιι
1139 1217 1327 1297 Βρεντησίον.
1342 1258 1387 1271 -
1406 1221 1478 1296 τοὺς

289 1323 455 1404 χειροήθεις
474 1356 519 1370 -·
542 1321 765 1388 τιθασεύονται
798 1320 880 1386 nihil
902 1321 992 1407 agit,
1017 1323 1072 1407 qui
1098 1330 1303 1389 mansuetum
1328 1344 1478 1391 mausue-

291 1426 379 1494 laeit.
415 1431 482 1511 87.
506 1426 668 1505 ἁσμένοις
702 1426 835 1492 solemni
858 1446 967 1493 errore
989 1447 1047 1513 pro
1067 1426 1212 1507 ἄσμενοι.
1236 1467 1281 1476 -
1301 1430 1352 1496 τὸν
1375 1429 1475 1512 ξυρόν.

289 1531 386 1598 Antei
406 1530 453 1598 τέ.
481 1570 527 1581 -
549 1509 720 1613 πανοῖρῖγος
744 1534 796 1598 καί
823 1532 950 1608 σααιίς;
974 1533 1007 1597 in
1041 1532 1145 1599 Attica
1175 1552 1237 1598 non
1262 1542 1364 1619 potest
1389 1535 1475 1603 idem

289 1644 461 1720 πανοῦργος
486 1646 518 1704 et
538 1636 643 1710 σκαιός
666 1656 811 1704 esse-
834 1640 1015 1712 κακοπαθῶς
1035 1640 1182 1713 uentae:
1206 1658 1320 1705 revoca
1343 1665 1477 1721 περιπα-

290 1746 345 1819 θῶς
369 1743 498 1818 auerte,
524 1750 688 1808 caeterum
708 1744 812 1828 κοπι6ι
826 1742 1003 1825 σῖτορριζοῦν
1023 1742 1150 1810 facilius
1163 1742 1306 1809 rhetores
1327 1746 1475 1813 scribunt

292 1869 388 1937 quam
410 1849 479 1914 saoi
504 1847 699 1933 intelligunt.

334 1955 438 2041 Epist.
460 1959 514 2020 67.
548 1953 691 2035 παρθένον
719 1952 924 2036 καλλίπηχυν
951 1954 1004 2020 καὶ
1028 1951 1236 2020 εὐδοῖκτυλονε
1270 1955 1476 2035 καλλίπηχυν

292 2059 435 2147 epoetis
464 2058 622 2145 arripuit,
646 2056 834 2126 εὐδοίκτυλον
858 2079 922 2124 non
944 2079 1021 2126 sane
1042 2058 1206 2144 eleganter
1228 2057 1266 2125 de
1290 2079 1347 2125 suo
1371 2059 1477 2126 linxit.

292 2165 326 2231 in
346 2164 479 2250 reliquis
502 2183 628 2250 quoque
656 2163 758 2228 oratio
781 2164 968 2232 intumescit
996 2164 1101 2248 magis
1124 2184 1220 2250 quam
1250 2163 1407 2250 adsurgit.
1431 2201 1478 2216 ——-

291 2270 497 2354 προσφθνταε
532 2290 596 2335 non
630 2276 756 2355 poterat
788 2268 950 2337 infelicius
980 2269 1170 2336 vocabulum
1204 2270 1346 2356 reperire
1378 2290 1478 2356 quam

292 2381 467 2459 προσφῦναι
490 2373 528 2440 de
557 2395 612 2453 ee,
636 2376 692 2462 qui
711 2375 753 2442 τοὶ
777 2381 841 2441 τοῖν
866 2376 967 2441 ποδοῖν
991 2374 1064 2458 ίχνη
1088 2381 1274 2459 καταφιλεῖ.
1300 2375 1324 2465 8
1345 2380 1375 2440 i.
1398 2376 1476 2443 etat·

291 2505 363 2565 ραρε
388 2480 483 2546 Atttct
502 2478 628 2563 οῖθοίρηι.
1163 2486 1165 2490 ”

337 2586 441 2672 Epist.
461 2589 515 2651 68.
547 2586 702 2662 ἱλήκοιτεε
728 2604 745 2651 e
769 2585 858 2671 poesi
892 2585 1082 2671 perantiqua
1114 2592 1258 2651 sumtum
1283 2624 1328 2636 -
1347 2584 1474 2665 λέβητα

292 2715 343 2773 μοι
365 2690 510 2771 ἐπιχέαι;
534 2698 659 2756 veteres
676 2714 736 2769 μου
748 2689 910 2771 καταχέαι
935 2689 983 2755 vel
1001 2689 1248 2757 κατασκεδάσαι.
1267 2728 1311 2740 —-
1332 2689 1476 2772 ε’ξέχεονε

293 2816 411 2885 repone
430 2794 572 2878 ἐξέχεαν.
592 2833 637 2843 -
656 2795 769 2877 ψιλθνε
792 2795 916 2872 voluit,
944 2792 1058 2875 oredo,
1080 2794 1254 2880 φαλακρόν.
1279 2794 1303 2884 8
1325 2800 1355 2861 2.
1390 2806 1475 2862 Λευ·

292 2906 451 2985 πρεποῦςι
477 2904 602 2985 corrige
623 2901 839 2981 Λεωπρέπους.

337 3007 439 3092 llpist.
454 3009 507 3071 69.
532 3005 566 3071 τὸ
586 3005 616 3070 ἕν
631 3007 785 3070 Ἐλευσῖνι
802 3004 917 3088 φρέαρε
940 3011 1064 3072 veteres
1081 3009 1111 3072 ἐν
1129 3007 1378 3073 omisissent-
1389 3007 1475 3074 σῖτα·

292 3112 414 3194 μίσατο
441 3109 507 3199 [καὶ
531 3110 728 3204 ἀπελύσατο]
756 3111 810 3185 την
832 3110 957 3177 eirico:
991 3109 1065 3176 tolle
1093 3109 1260 3178 emblema.
1295 3111 1318 3200 8
1342 3115 1372 3178 2.
1396 3114 1473 3192 αἱμα·

293 3217 371 3298 γητί
383 3245 391 3286 :
429 3214 519 3281 codd.
550 3215 714 3294 ἀμηγέπη.
730 3257 734 3268 ·
750 3235 833 3281 unus
865 3215 1028 3296 οῖμορητί,
1063 3214 1102 3281 de
1136 3213 1256 3283 infelici
1288 3218 1474 3284 coniectura

293 3321 451 3392 Graeculi.
473 3362 518 3372 —
538 3319 657 3401 ἕτοιμός
677 3323 741 3401 εἰμι
754 3321 924 3404 παρέχεινι
950 3319 1152 3387 Athenienses
1170 3322 1237 3402 εἶμί
1253 3323 1402 3388 omittere
1422 3343 1473 3389 so·

291 3429 376 3505 lent,
400 3435 501 3514 etpro
513 3435 576 3502 τοῖς
588 3429 784 3508 βουλομένοις
798 3427 900 3494 multo
918 3429 1029 3495 sanius
1052 3430 1094 3510 τῷ
1113 3427 1290 3510 βουλομένῳ
1312 3425 1472 3494 dicebant.

337 3535 439 3622 ltpist.
462 3539 513 3601 70.
547 3534 638 3601 σείειν
661 3539 733 3600 κατ’
755 3534 894 3617 αροροίνε
917 3533 1033 3599 melius
1055 3539 1284 3615 συκοφαντεῖνε
1311 3541 1382 3598 tum
1404 3553 1474 3619 pes·

291 3641 373 3709 sime
395 3642 488 3720 χηθεν
511 3660 568 3726 pro
601 3641 635 3704 ἔκ
668 3648 723 3715 τῆς
751 3649 810 3718 γῆς
843 3641 959 3725 posuit.
994 3637 1071 3726 84.
1103 3639 1154 3703 ε’πῖ
1182 3640 1310 3717 μηκιςον
1338 3637 1469 3719 χρόνους

291 3745 375 3813 male
396 3765 454 3832 pro
476 3745 528 3810 aa
547 3744 676 3814 πλεθςου
695 3743 816 3826 χρόνον,
843 3752 875 3810 et
898 3743 956 3808 hoo
981 3743 1119 3807 nimium
1140 3762 1197 3828 pro
1220 3742 1270 3807 δια
1282 3742 1403 3824 χρόνον.
1426 3781 1473 3793 -

288 3852 386 3917 οὐκέθ’
408 3851 515 3929 ὁμοίως
539 3849 644 3922 δεκτὸς
667 3849 734 3915 οὐδὲ
756 3850 877 3931 χαρίεις
900 3846 1038 3916 ἕδθκουνι
1063 3847 1168 3921 δεκτὸς
1192 3847 1362 3913 manifesto
1382 3868 1471 3915 men·

289 3954 402 4020 desum
417 3963 484 4032 est,
497 3954 530 4020 in
552 3956 713 4039 scriptura
733 3963 909 4021 neICToc
922 3951 1021 4017 latere
1044 3952 1124 4018 mihi
1132 3951 1260 4019 videtur
1275 3961 1472 4030 ΑΟΤΕΙΟΟ,

288 4079 350 4146 quo
378 4080 440 4124 nou
472 4066 520 4124 est
549 4057 636 4124 aliud
667 4057 828 4146 epitheton
861 4058 1001 4146 parasito
1033 4066 1143 4124 nostro
1170 4059 1464 4125 accommodatius:

286 4164 382 4230 οὐκέθ’
404 4165 511 4243 ὁμοίως
540 4166 665 4239 αςεῖος,
691 4165 768 4230 sicut
792 4176 882 4231 oeteo
908 4164 1055 4229 urbanus.
1079 4202 1125 4217 -
1145 4165 1388 4232 οῖπεκέιιλειντοο
1423 4165 1469 4229 vi-

284 4269 366 4334 tiosa
389 4268 467 4336 haee
488 4268 590 4336 lorma
612 4277 681 4346 est,
705 4290 900 4358 quamquam
925 4290 1017 4357 saepe
1041 4272 1183 4336 occurrit
1202 4271 1235 4334 in
1259 4268 1349 4335 codd.
1374 4268 1471 4335 Attici

284 4384 399 4458 κλῇσαι
423 4374 572 4441 dicebaut
592 4383 624 4441 et
646 4374 823 4459 κέκλημαι,
846 4377 1009 4462 sequiores
1033 4385 1156 4442 κλεῖσαι
1181 4384 1212 4441 et
1235 4376 1432 4454 κέκλεισμαι.

330 4480 433 4567 Epist.
455 4484 508 4544 71.
539 4481 570 4545 ἐν
599 4483 802 4560 συμποσίοισι
841 4480 910 4567 lege
939 4482 969 4547 ἕν
1000 4489 1063 4556 τοῖς
1093 4481 1285 4561 συμποσίοις.
1316 4479 1394 4569 85.
1424 4482 1468 4564 τῷ

282 4587 362 4670 χορῷ
395 4592 575 4653 συντελεῖνι
612 4606 693 4653 nove
723 4584 846 4653 dictum
878 4606 935 4672 pro
968 4586 1226 4668 συναγωνίζεσθαι
1258 4627 1291 4636 ·-
1313 4584 1461 4668 κλοίζεινι

282 4691 376 4757 scrib.
402 4689 536 4772 κλῴζειν.
