3309 5750
765 655 807 716 67

199 824 334 902 imputo:
356 834 481 892 vetares
503 828 626 903 ἕντοιῖς
649 831 781 908 ἑορτιῖι.
797 863 845 878 -
865 835 1039 908 νετνργιῖςε
1061 827 1174 913 pntide
1195 825 1323 894 dietum
1345 827 1386 896 de

196 929 309 994 calceis
340 950 399 1017 pro
420 933 540 1008 κοοινοὶς.
574 933 649 1023 §2
681 937 738 1009 τὶρν
767 941 921 1012 γλῶτταν
949 934 1172 1011 timentum:
1205 955 1264 1021 pro
1285 935 1386 1001 diurn

195 1034 247 1100 vel
269 1035 401 1102 ἕνδόκνιι
424 1058 487 1104 non
510 1039 685 1105 admodum
717 1038 824 1125 lepide
847 1039 999 1124 positum.
1022 1075 1065 1086 -
1089 1040 1240 1112 bardae:
1274 1040 1387 1127 suppde

196 1141 419 1217 obedieutiae.

241 1246 343 1334 Epist.
365 1254 419 1316 58.
455 1251 609 1328 διαβολὰς
627 1252 816 1329 brorium:
839 1247 973 1313 debebat
995 1249 1133 1328 ψειδεῖς.
1156 1285 1201 1298 -·
1224 1250 1268 1313 τὲ
1286 1251 1385 1326 νῦνῆ

196 1357 302 1419 τοῦτον
333 1374 410 1420 oum
441 1354 564 1433 βόσκων
595 1353 866 1440 coniungendum.
898 1354 1025 1432 βόσκειν
1049 1363 1173 1419 τρίετες
1206 1373 1281 1419 cunr
1309 1375 1387 1422 τοι·

196 1465 304 1522 temtu
323 1458 475 1524 dicebant
498 1469 530 1525 et
552 1460 781 1526 contumeliose
799 1460 865 1526 lere
892 1458 933 1524 de
957 1459 1017 1535 iis,
1040 1458 1160 1543 quibus
1178 1458 1331 1524 alimenta
1355 1469 1388 1526 et

199 1580 326 1628 meroes
350 1564 395 1627 itu
416 1562 576 1631 dabantur
596 1575 632 1631 ut
651 1566 757 1631 omnia
779 1565 1034 1652 obsequerentur
1051 1572 1085 1630 et
1106 1571 1278 1649 parerent,
1302 1564 1388 1650 quod

202 1666 300 1731 etiam
335 1688 434 1753 quum
459 1670 528 1736 sine
554 1670 676 1757 flagitio
700 1671 790 1736 lieret
812 1679 922 1735 tarnen
951 1668 1059 1734 odiose
1093 1669 1263 1736 dicebatur
1285 1679 1318 1735 et
1341 1672 1386 1736 ri·

200 1769 336 1836 debatur
358 1773 553 1859 exprobrari.
601 1774 715 1841 Odiose
742 1775 900 1841 dicuntur
925 1774 987 1839 riri
1015 1796 1131 1839 neom
1159 1776 1306 1852 βέτιειν,
1331 1796 1384 1863 με

197 1883 264 1941 tres
297 1878 430 1956 liberos,
459 1898 552 1965 reges
571 1884 748 1965 parasitos,
771 1890 934 1946 amatores
961 1891 1086 1945 awrtn:
1118 1879 1151 1945 bi
1174 1901 1286 1948 omnes
1314 1883 1384 1949 n'ne

194 1982 389 2048 contumatia
408 1977 535 2050 eosdem
554 1988 681 2070 τρέφεν
699 1986 867 2051 dicuntur.
915 1986 1017 2051 Locus
1037 1994 1087 2051 est
1107 1988 1140 2050 in
1163 1987 1384 2054 Ansrornms

196 2086 306 2172 νοερόν
327 2108 373 2153 vs.
391 2094 468 2154 511.

373 2196 406 2262 τό
428 2220 470 2273 με
489 2196 577 2274 δῆτ’,
599 2195 621 2262 ὦ
644 2196 748 2276 peuda
771 2204 892 2278 μῆτερ,
915 2196 1058 2275 ἔτικτες,

373 2297 409 2366 ἵν’
433 2302 500 2380 ἐμοὶ
524 2300 707 2383 πράγματα
729 2302 857 2380 βόσκειν
880 2304 1033 2386 sapim.

190 2422 287 2489 quern
312 2425 407 2472 nemo
430 2424 585 2492 umquam
608 2405 777 2473 intellexit
823 2407 1015 2493 Distingue:

373 2512 389 2576 ό
412 2520 510 2586 τοῖοι
533 2511 567 2578 τό
587 2536 630 2590 με
653 2512 739 2587 δῆτ’,
764 2510 786 2577 ὦ
807 2513 912 2591 μελέοο
931 2520 1049 2593 μῆτερ,
1071 2510 1212 2585 brimeu:

377 2618 391 2683 ό
415 2620 540 2699 τοοτιὶρε
564 2615 601 2683 ἵν’
624 2618 693 2697 ἐμοὶ
716 2617 900 2700 πράγματα
922 2616 1049 2695 βόσκειν
1072 2619 1223 2700 τρρόχηι.

191 2718 308 2785 ultima
328 2720 517 2807 explicanda
540 2730 618 2789 sunt
636 2743 676 2789 ox
692 2723 853 2789 similibus
877 2723 976 2798 loeis,
1002 2721 1107 2809 qualis
1130 2730 1178 2788 est
1199 2721 1284 2809 apud
1306 2723 1380 2790 ru·

191 2843 292 2892 runnu
312 2825 346 2891 in
370 2826 536 2895 Pboedone
558 2847 589 2916 p.
615 2836 689 2896 115.
716 2849 744 2897 a.
775 2830 862 2897 δοκεῖ
881 2829 945 2911 γὰρ
972 2827 1099 2908 βέλτιον
1121 2825 1198 2895 εἶναι
1221 2828 1380 2911 Mandur-

190 2956 240 2998 νον
263 2941 344 2998 πιεῖν
366 2935 402 2999 τό
424 2924 593 3017 φόρμοοκον
616 2936 669 3001 nal
693 2939 738 3015 μη
761 2936 945 3020 τριόρμιοτιι
966 2943 1038 3008 τοῖς
1069 2933 1193 3013 γννοοιξι
1226 2936 1378 3019 “plzen

190 3040 293 3120 νεκρὸν
311 3038 421 3104 λούειν.
469 3038 514 3105 Gi.
541 3041 709 3128 Cyropued.
728 3042 782 3110 lv.
807 3064 841 3110 v.
860 3047 915 3109 tu.
938 3078 985 3093 --
1006 3043 1064 3114 cis:
1088 3050 1120 3106 et
1145 3040 1196 3107 bic
1216 3041 1285 3128 lege
1306 3042 1376 3114 ὅτε.

190 3141 268 3233 §b
293 3153 398 3219 κοινοῖς
414 3149 611 3227 κεχρήμεόοιτ
636 3149 701 3213 imo
723 3150 882 3230 χρώμεόιι.
907 3145 931 3236 S
956 3151 987 3211 5.
1013 3146 1107 3227 τρέμε
1131 3146 1228 3212 δοκῶν
1248 3148 1285 3214 τό
1306 3157 1377 3231 χεῖ-

187 3265 260 3325 bor:
284 3251 438 3317 usitatius
461 3252 602 3318 ἕνδοοιιών.
625 3288 673 3303 -
692 3254 811 3319 τούτων
833 3248 898 3328 εἶρε
923 3252 1141 3337 Ιθρθτοοτιονό.
1167 3288 1212 3301 -
1233 3254 1375 3335 ότλομοό·

187 3379 249 3439 χορ
271 3358 324 3423 sul
348 3358 471 3437 οὶρηϊοςε
495 3357 620 3442 poetica
644 3364 729 3422 sunt.

191 3488 194 3493 ·
235 3463 337 3549 Epist.
361 3466 414 3528 59.
439 3465 511 3526 κατ’
535 3460 624 3544 drap:
657 3471 782 3528 eertum
806 3469 857 3527 est
885 3459 955 3542 όνοιρ
983 3479 1053 3525 esso
1076 3457 1260 3526 dicendum.
1306 3462 1375 3529 Non

187 3577 298 3635 tumen
322 3569 536 3632 Arorrnnoonn
563 3566 640 3632 huie
664 3566 777 3653 culpae
801 3565 930 3632 ullinenr
950 3583 1020 3630 esse
1046 3564 1204 3641 arbitror,
1227 3564 1281 3630 sed
1302 3572 1375 3633 κοτ’

186 3674 259 3757 drap
282 3672 394 3740 lectori
418 3672 547 3752 deberi,
579 3673 631 3738 eui
656 3672 775 3739 ἐδόκουν
799 3693 862 3738 non
887 3677 957 3737 erat
979 3671 1069 3735 satis.
1102 3671 1178 3752 §2
1202 3671 1376 3749 τοιμιιόνειν

186 3805 224 3846 τε
253 3779 318 3867 [καὶ
340 3776 432 3867 εἷνοιι]
459 3779 545 3846 nard
568 3783 624 3857 την
643 3780 748 3855 Ἴδηνε
771 3778 873 3845 obiice
899 3774 1090 3862 interpolata
1113 3773 1220 3841 verbo.
1266 3776 1303 3843 ln
1327 3799 1374 3847 so·

185 3869 362 3958 quentibus
389 3870 559 3937 blurunnrus
591 3870 727 3938 subinde
750 3871 882 3937 vitiosas
909 3869 1061 3935 lectiones
1085 3887 1103 3934 e
1131 3867 1240 3934 l'eoeto
1262 3868 1372 3939 oodice

185 3976 331 4063 recepit,
360 3994 443 4060 quae
468 3996 541 4041 mox
573 3975 612 4042 de
644 3976 713 4043 looo
746 3975 940 4042 delicientur
973 3983 1006 4041 et
1035 3972 1273 4041 revocabuntur
1302 3978 1371 4045 ι’τι-

185 4076 335 4155 ττοίντοὶ,
361 4080 474 4161 poteo
498 4090 531 4147 et
556 4081 780 4165 ἐξηγειρόμην,
807 4080 892 4167 quod
920 4081 952 4146 in
975 4078 1150 4162 ἐξηγρόμην
1171 4090 1221 4147 est
1241 4091 1370 4150 mutan·

184 4187 278 4254 dum.
303 4184 327 4275 §
349 4191 368 4251 5
393 4185 540 4267 τεηοὶζειν
560 4207 579 4252 a
602 4197 747 4257 veterum
770 4186 941 4252 Atticorum
964 4205 1025 4251 usu
1049 4184 1142 4270 plane
1158 4186 1326 4265 abhorret,
1351 4209 1371 4259 a

186 4293 292 4381 poetis
315 4299 460 4356 sumtum
480 4301 545 4370 est,
569 4293 653 4360 uude
673 4292 821 4361 Graeculi
845 4292 948 4359 multa
970 4298 1183 4366 mutuantur,
1206 4312 1289 4378 quae
1307 4292 1370 4361 lre·

183 4399 298 4488 quenti
320 4417 384 4463 usu
406 4399 550 4463 omnium
576 4400 653 4464 trita
677 4401 708 4465 iu
730 4418 935 4465 communem
954 4396 1097 4481 linguam
1122 4405 1250 4481 recepta
1273 4407 1368 4478 sunt,

186 4505 282 4593 quale
305 4512 353 4571 est
376 4502 454 4569 illud
479 4503 585 4590 ipsum
610 4504 810 4579 ἐτιττόντοι,
835 4502 920 4590 quod
941 4500 1114 4588 praecedit.
1161 4500 1257 4567 Attici
1279 4502 1370 4571 τέτο·

185 4636 245 4690 μοι
277 4619 310 4676 et
333 4610 470 4688 ἕττόμην
506 4609 640 4690 dicunt,
672 4611 787 4676 Poetae
818 4610 977 4687 τέτομιοι,
1010 4607 1106 4680 ἔπτην
1139 4613 1171 4672 ot
1201 4604 1369 4684 ἑπόμην,
