3309 5750
892 608 932 671 tt

318 787 353 860 tt
375 785 417 866 τῷ
435 806 463 864 χ
470 780 603 865 ρυτυτό
610 806 682 864 μορ,
704 782 736 847 ἐν
752 778 784 865 ᾧ.
802 823 845 835 -
865 780 1023 870 Similiter
1042 800 1115 848 mox
1135 782 1169 847 in
1188 781 1257 849 his:
1281 781 1329 853 ἔτι
1348 807 1408 850 του
1421 783 1506 851 odos·

316 915 363 964 τις
378 889 449 956 νέων
461 890 513 955 καὶ
526 887 675 970 γερόντων
693 887 856 955 accusata.
878 886 1121 970 χρυσόςυμος
1145 888 1209 970 γὰρ
1229 891 1262 954 οὐ
1280 887 1418 956 διδόοαει
1431 890 1505 974 φρό·

314 1019 398 1072 oncri
421 995 511 1061 ἀλλὰ
533 994 628 1077 φύσις
650 992 702 1059 κα)
726 995 792 1075 opti,
815 992 933 1060 δθαιτα.
970 991 1029 1081 (Gi.
1053 1014 1084 1079 p.
1109 998 1192 1070 734,
1218 992 1284 1081 16).
1329 994 1457 1064 Littera
1476 1019 1505 1078 χ

314 1100 491 1187 implexum
512 1098 633 1164 babens
653 1124 667 1180 ρ
686 1107 718 1164 et
736 1098 844 1180 χρόνος
866 1106 898 1165 ct
918 1097 1110 1183 Χρυοότομος
1135 1098 1318 1183 significat:
1343 1099 1400 1185 qui
1425 1100 1504 1169 baec

315 1207 350 1272 in
372 1206 430 1273 tali
453 1205 522 1271 loco
544 1203 741 1270 conlimdere
764 1213 890 1291 potest,
918 1205 948 1270 ei
977 1203 1109 1269 mandes
1133 1204 1162 1268 si
1190 1202 1268 1287 quid
1295 1213 1384 1271 reete
1411 1226 1504 1274 cura·

313 1319 386 1378 tum
415 1310 503 1377 velis.
551 1310 599 1380 Ex
628 1309 739 1375 eudem
770 1308 857 1376 fonte
889 1316 1064 1375 manarunt
1091 1329 1217 1375 errores
1247 1308 1435 1380 huiusmodi
1469 1320 1504 1380 ut

317 1417 489 1484 Seruocucs
509 1414 606 1496 σοφός
634 1414 784 1492 dicatur,
815 1415 1034 1481 Deuosrnauss
1065 1415 1179 1494 δῆμος,
1210 1414 1375 1487 Xruoruou
1397 1416 1503 1494 ξένος,

315 1522 523 1589 Amsrorrcns
541 1518 661 1602 ῦριτοςε
686 1528 797 1586 eontra
818 1520 904 1606 apud
924 1520 1113 1586 Hiarnenar.
1135 1538 1163 1585 v.
1188 1518 1296 1595 Ζεῦξις
1318 1520 1435 1589 nobilis
1459 1523 1503 1609 pi·

315 1634 388 1693 otor
398 1625 520 1691 dieitur
542 1626 784 1707 Ἀριτοτέλνρς
808 1631 867 1691 τῶν
885 1629 956 1691 κατ’
976 1628 1088 1692 ἐκεῖνον
1100 1626 1152 1691 τόν
1163 1624 1270 1706 χρόνον
1283 1624 1459 1710 ζωχρόφων
1471 1629 1503 1695 in

315 1729 466 1797 omnibus
488 1729 578 1796 codd.
605 1752 663 1817 pro
683 1730 797 1814 ῦριςος.
846 1731 992 1797 Notanda
1015 1738 1064 1798 est
1092 1731 1231 1797 nominis
1261 1727 1448 1815 depravatio
1472 1733 1503 1797 in

317 1837 444 1904 &romei
474 1835 646 1921 Floritepio
665 1836 727 1902 XC.
753 1840 773 1901 9
807 1835 863 1902 ubi
894 1835 1050 1902 editiones
1074 1836 1221 1917 Ἐκδόρου
1245 1854 1361 1900 nomen
1383 1836 1502 1923 praele-

315 1950 416 2022 runt,
440 1940 540 2008 codex
562 1941 705 2027 optimus
726 1943 862 2023 ἒαιδθρου
886 1944 1036 2009 servavit.
1082 1953 1109 2008 Κ
1129 1946 1161 2005 et
1172 1943 1210 2009 10
1231 1937 1385 2006 conlundi
1403 1940 1504 2008 solere

316 2057 431 2118 notum
452 2067 522 2114 esse
545 2046 684 2112 arbitror
707 2055 740 2112 et
757 2048 906 2130 εἰσιδιθροο
929 2047 1091 2135 appellant
1110 2044 1234 2112 scribae
1252 2045 1337 2132 quod
1355 2046 1502 2130 Ἰτιδόρου

316 2185 383 2253 est,
408 2174 484 2260 quia
505 2157 726 2259 {productum
747 2194 804 2261 per
820 2199 847 2240 ει
865 2173 1100 2261 diphthongum
1122 2174 1201 2239 satis
1220 2179 1408 2239 constanter
1426 2173 1504 2241 seri·

314 2281 348 2348 bi
380 2279 500 2346 solebat
530 2280 562 2343 in
588 2279 731 2364 antiquis
762 2277 874 2357 libris,
899 2280 1103 2365 grammatici
1127 2278 1205 2344 adeo
1238 2277 1406 2344 certabant
1430 2286 1504 2345 utra

315 2386 478 2472 scriptura
501 2391 584 2451 esset
612 2384 734 2471 potior,
758 2385 844 2471 quod
867 2405 920 2452 me
952 2384 1069 2450 Scxrus
1099 2385 1264 2451 fflrrarcus
1294 2382 1404 2449 docuit
1431 2384 1502 2451 odo.

316 2514 490 2580 mamm.
512 2509 537 2576 I.
571 2531 613 2578 rx.
641 2514 704 2578 169
740 2512 892 2594 ζητοῦμεν
922 2514 949 2578 εἰ
979 2509 1144 2592 εῦχοόλινον
1175 2507 1227 2573 καὶ
1258 2508 1401 2583 addictae
1425 2494 1509 2593 τῷν-

312 2640 403 2720 μόνον
427 2638 584 2721 γραπτέον
608 2638 624 2714 ἢ
649 2648 688 2720 τῇ
712 2621 749 2702 εἶ.
800 2635 862 2702 Sed
886 2635 925 2702 dc
942 2635 994 2727 bis
1018 2633 1167 2699 omnibus
1191 2634 1274 2700 alius
1299 2633 1430 2700 dabitur
1454 2636 1504 2703 di·

315 2744 408 2811 cendi
435 2743 545 2819 loeus,
576 2741 616 2808 ad
641 2741 799 2808 Sruaaruu
829 2749 984 2807 revertor.
1034 2742 1237 2806 Aurnnourrs
1266 2739 1356 2805 locus
1383 2739 1504 2827 legitur

314 2870 345 2937 p.
370 2854 434 2915 730
459 2843 724 2930 reimmittere,
750 2853 808 2913 τῶν
833 2848 864 2911 ἐν
887 2849 1058 2928 οὐρανοῖς
1083 2846 1128 2916 ε’ςὶ
1153 2846 1334 2923 ταιδευοις,
1358 2844 1502 2933 lepidum

313 2973 477 3040 bominem
499 2972 555 3058 qui
577 2991 615 3037 ex
636 2973 737 3048 ανοις,
763 2974 784 3038 i.
805 2992 833 3039 e.
857 2972 1039 3052 οῦνθρότοις,
1064 2972 1097 3035 in
1121 2969 1172 3035 bis
1194 2972 1299 3037 verbis
1319 2971 1424 3042 delabi
1447 2995 1501 3062 pc

313 3101 379 3168 tuit
409 3098 448 3165 ad
475 3083 567 3171 οῦν’”οι’ς
592 3098 614 3161 i.
631 3116 659 3162 e.
682 3099 839 3178 οὐρανοῖς,
872 3114 911 3160 ne
935 3093 994 3158 boc
1026 3093 1156 3179 quidem
1191 3098 1336 3182 cogitans
1359 3102 1501 3180 οῦρανοός

313 3227 372 3295 pro
394 3195 516 3287 οὐρανόν
544 3202 670 3268 Graecis
688 3222 757 3268 esse
781 3201 964 3268 inauditum
988 3219 1025 3265 ac
1047 3208 1167 3265 temere
1188 3200 1313 3267 coelum
1338 3222 1375 3268 ac
1397 3212 1502 3272 terras

312 3313 464 3379 miscens,
510 3307 634 3394 Duplex
665 3308 782 3374 vitium
814 3315 864 3374 est
899 3328 929 3393 p.
952 3311 1027 3372 757.
1075 3306 1155 3371 Δίων
1183 3305 1277 3385 ἔλεγε
1308 3309 1377 3373 καθ’
1401 3311 1502 3378 ‘Hoto-

312 3418 361 3484 δον
381 3416 453 3499 τρθα
476 3416 551 3499 γένος
574 3411 651 3481 εἶναι
675 3414 936 3495 μαθνμότων,
966 3417 1120 3494 χρυσοῦν,
1150 3414 1322 3495 οῦρχυροῦν,
1345 3422 1501 3496 χαλκοῦν.

312 3526 447 3607 χρυσοῦν
478 3521 536 3601 μὲν
556 3521 590 3587 τό
614 3527 673 3586 τῶν
695 3520 834 3589 διδόντων
854 3519 907 3586 καὶ
927 3520 972 3597 μὴ
991 3517 1223 3596 μανθανόντων,
1247 3520 1396 3601 ἀργυροῦν
1418 3523 1450 3588 δὲ
1465 3524 1502 3590 τό

311 3635 370 3695 τῶν
401 3624 539 3692 διδόντων
567 3624 620 3690 καὶ
650 3625 888 3704 μανθανόντων,
920 3627 1063 3703 χαλκοῦν
1087 3622 1118 3687 δὲ
1143 3623 1177 3686 τό
1201 3630 1259 3688 τῶν
1283 3627 1500 3703 μανθανόντων

312 3733 369 3812 μὲν
389 3733 422 3794 οῦ
443 3728 580 3794 διδόντων
600 3729 642 3793 δέ.
693 3732 756 3794 Res
780 3729 849 3813 ipsa
870 3726 987 3793 clamat
1007 3729 1152 3808 μαθητῶν
1173 3747 1242 3793 esse
1262 3729 1500 3799 emendandum

311 3824 372 3924 pro
393 3833 589 3914 μαθιρμότων
602 3858 616 3910 ,
636 3839 669 3898 at
693 3834 766 3918 quis
784 3840 832 3898 est
853 3833 909 3917 qui
930 3832 990 3899 hoc
1015 3832 1158 3899 dixerit?
1206 3833 1314 3899 Facile
1334 3837 1501 3920 negotium

311 3948 359 4007 est
387 3938 530 4024 reperire
553 3938 626 4022 quis
649 3936 709 4003 hoc
733 3943 762 4003 et
785 3938 922 4003 senserit
944 3944 977 4004 et
1009 3946 1074 4002 tam
1102 3939 1207 4002 iocose
1236 3935 1372 4015 dixerit,
1397 3941 1425 4005 si
1449 3942 1499 4008 όων

311 4045 415 4112 solum
435 4042 622 4108 memineris
635 4063 704 4110 esse
723 4043 916 4128 genuinum,
939 4042 957 4107 δ
976 4042 1136 4108 adiectum
1158 4043 1198 4108 ab
1218 4062 1273 4121 eo,
1297 4045 1353 4129 qui
1377 4044 1498 4113 adscri-

309 4152 358 4217 bit
382 4146 540 4235 quidquid
562 4146 717 4214 collibuit.
765 4148 885 4235 Nempe
908 4147 1178 4234 quemadmodum
1199 4167 1236 4214 ea
1261 4148 1366 4223 dicere
1387 4149 1498 4218 Socan-

309 4272 564 4338 menumquam
594 4254 718 4339 potuit,
753 4256 798 4319 sic
822 4241 902 4320 satis
925 4262 1051 4320 eertum
1075 4259 1124 4318 est
1154 4253 1408 4339 Borystbetzitum
1428 4258 1498 4324 Bro-

308 4382 368 4426 unu
400 4360 460 4424 boc
491 4357 621 4425 lusisse.
669 4359 767 4426 Nemo
800 4379 887 4425 nunc
918 4358 1067 4425 dubitare
1091 4360 1190 4445 possit
1214 4361 1293 4444 quin
1317 4370 1405 4427 recte
1438 4384 1497 4449 pro

307 4490 360 4572 ἰῷ,
386 4487 419 4552 in
441 4476 504 4571 quo
525 4465 771 4552 [adventicium
789 4493 854 4562 est,
879 4468 921 4570 θ’ςῖ
939 4485 959 4551 i.
973 4505 1000 4550 e.
1028 4486 1081 4567 θεῷ
1104 4486 1281 4571 repositum
1303 4488 1358 4554 sit.
1395 4487 1431 4554 ln
1446 4510 1496 4556 co·

308 4584 379 4661 dice
401 4591 506 4658 lertur
525 4597 562 4657 ut
584 4593 728 4669 Μιλήτου
754 4591 952 4671 versiculus,
977 4610 1071 4677 quern
1096 4590 1202 4658 editus
1226 4592 1378 4661 Sroutnus
1403 4604 1498 4671 Φιλν·
