3309 5750
589 625 865 729 ¹xmo

242 883 314 927 nam
344 861 389 926 sic
418 859 577 925 serissime
606 857 775 929 Illuscnlc
803 858 985 927 emendavit
1013 881 1072 952 pro
1100 858 1290 933 ἐτύπτονθ’,
1327 856 1412 925 etin

241 966 354 1034 Bonis
378 989 421 1033 rs.
446 968 521 1031 636.
1184 1045 1193 1054 .

440 1074 473 1136 ού
497 1071 561 1153 γὰρ
585 1071 624 1135 ού
646 1069 761 1135 τύπτει
783 1071 844 1144 τὰς
868 1070 940 1143 icor
964 1071 1095 1150 πληγὰς
1117 1070 1190 1149 ε’ροοί

239 1182 271 1242 et
289 1177 413 1267 saepius
432 1178 583 1253 τύπτειν,
607 1178 711 1241 πιιίειν
722 1226 732 1255 ,
754 1182 930 1255 μιιςιγιύν,
952 1176 1063 1257 δέρειν,
1083 1174 1220 1253 ξοιίνειν,
1240 1173 1415 1242 τύπτεσθαι

238 1283 369 1361 πληγεὶς
407 1281 551 1356 πολλὰς,
584 1280 716 1359 ὀλίγοις,
752 1282 963 1366 πεντήκοντιι,
992 1292 1025 1345 et
1054 1279 1179 1347 similia.
1233 1278 1351 1346 Pmo
1378 1281 1415 1345 de

237 1387 381 1478 legibus
413 1384 499 1453 VIII.
530 1410 560 1476 p.
590 1389 665 1451 845.
692 1405 723 1451 Δ.
747 1391 783 1451 ei
804 1408 940 1465 τοιυιιο,
963 1386 1087 1476 inquit,
1111 1409 1154 1449 cx
1173 1386 1291 1451 alieno
1305 1386 1411 1469 fundo

237 1517 321 1559 ιιναο
350 1501 411 1557 arri
428 1492 522 1579 ficus
544 1494 695 1579 forulus
712 1492 831 1580 suerit
855 1492 941 1557 κιιτθι
967 1496 1055 1574 ρ’ἵιγιι
1075 1492 1214 1573 βοτρύων
1244 1490 1300 1555 καί
1327 1496 1413 1556 σῦκον

239 1604 334 1673 συκῆς
354 1597 532 1677 ίοοιρίθριους
554 1598 673 1669 τούτοις
694 1597 824 1676 alayde
847 1596 1063 1675 μοιςιγούοθοι,
1085 1609 1117 1661 et
1137 1619 1234 1687 saepe
1257 1595 1348 1662 alibi.
1379 1594 1411 1660 ln

237 1726 274 1769 ea
303 1726 336 1768 re
365 1701 561 1768 tritissimum
593 1701 720 1767 Graecis
751 1712 798 1766 est
823 1702 951 1779 πλννύν
980 1712 1035 1767 ουῑ
1058 1699 1189 1781 πληγείς
1218 1700 1409 1768 indicendo

239 1813 402 1875 omittere·
418 1819 451 1871 et
480 1807 600 1897 optime
630 1807 750 1874 Graece
780 1805 899 1872 dicitur
928 1805 1102 1871 τύπτεοθιιι
1133 1806 1280 1882 πολλούς,
1319 1820 1356 1873 ut
1380 1808 1409 1873 in

238 1915 387 1982 Nubibus
410 1915 488 1978 972.

529 2018 714 2099 ἐπετρίβετο
737 2017 931 2095 τυπτόμενος
954 2015 1094 2100 aalide,

238 2122 354 2211 inquo
374 2120 447 2187 loco
464 2121 600 2188 Tuorms
619 2123 806 2201 illorsum,
827 2123 884 2213 qni
905 2122 1078 2216 discipulos
1098 2142 1171 2187 suns
1193 2120 1315 2191 docere
1336 2124 1409 2190 solet

238 2226 269 2291 id
300 2226 387 2316 quod
412 2228 480 2317 ipse
499 2250 564 2292 non
583 2226 712 2309 didicit,
736 2228 868 2293 indocte
888 2228 1013 2301 πολλούς
1034 2249 1106 2292 cnm
1128 2228 1319 2309 ἐπετρίβετο
1338 2252 1410 2296 con·

239 2333 392 2422 iungebat
420 2358 451 2423 p.
479 2338 564 2399 359:
599 2333 849 2415 ε’πιτρίβετοιι
880 2331 1028 2405 πολλούς
1059 2332 1154 2412 λέγε,
1186 2334 1233 2411 μὴ
1263 2339 1409 2411 πολλὰς

239 2439 398 2517 πληγίις
434 2439 613 2520 δέχετοιι.
672 2437 805 2504 Meliora
843 2437 1006 2502 docebunt
1042 2437 1247 2504 Lsnunlttus
1285 2442 1350 2508 Bos
1383 2454 1410 2507 et

240 2540 416 2609 Senium
440 2544 593 2635 ‚Ellrpses
619 2542 771 2611 Graecas
792 2543 989 2607 illustrantes
1007 2566 1039 2632 p.
1060 2547 1135 2609 385.
1155 2566 1225 2633 sqq.
1245 2545 1306 2610 nbi
1325 2549 1410 2639 copia

240 2661 287 2715 est
317 2651 536 2741 exemplorum
564 2651 597 2716 in
628 2672 775 2716 acervum
805 2650 1023 2730 coniectorum
1051 2649 1224 2716 cuiuslibet
1249 2656 1365 2720 aetatis
1382 2667 1411 2721 et

239 2756 353 2846 pretii,
380 2769 412 2823 et
431 2781 506 2823 sana
525 2780 597 2823 cum
623 2757 722 2843 aegris
747 2771 778 2824 et
798 2757 917 2822 uitiosis
936 2756 1139 2846 copulantur.
1187 2757 1323 2847 Optima
1344 2773 1410 2827 sunt

241 2885 278 2929 er
305 2862 461 2929 Anchari
488 2862 525 2929 V.
552 2881 622 2928 vm.
646 2864 697 2927 12.
718 2861 891 2942 ἀνέκρινον
915 2861 1033 2935 τοίντες
1056 2864 1094 2935 ὥς
1115 2860 1237 2941 ὀλίγοις,
1255 2865 1410 2948 ποιίτειεν,

241 2979 273 3034 et
299 2989 335 3031 ex
364 2969 558 3033 Panrusrtro
587 2990 656 3057 cap.
684 2967 774 3033 24.o‘
802 2968 833 3030 δὲ
861 2975 938 3039 ποεῖς
963 2967 1051 3032 ποίει
1075 2968 1197 3049 κοιιρίοιν
1220 2970 1276 3035 τδν
1301 2975 1412 3038 ‘Irrita-

239 3081 333 3152 ρῑνον,
350 3084 382 3137 et
406 3074 571 3139 Assensit
596 3072 841 3164 Agamemnone
865 3075 949 3137 1395
969 3073 1074 3153 τρίτην
1100 3073 1302 3152 ἐπενδίδωμι,
1329 3090 1412 3144 etex

240 3177 442 3268 sequioribus
471 3177 558 3243 ποιίει
590 3203 631 3257 με
662 3178 715 3242 κιο)
745 3174 862 3254 ε’ποίγει
885 3175 1029 3256 δευτέροιν
1049 3187 1081 3241 et
1099 3177 1220 3258 τρωθείς
1241 3181 1285 3252 είς
1307 3183 1415 3265 ἀμφί·

240 3305 315 3363 τεροι
343 3282 385 3347 τθι
409 3283 533 3362 γίνοιτο
557 3283 609 3348 nai
637 3281 742 3364 τρίτην
770 3281 900 3359 λαβών,
926 3280 1042 3371 quibus
1062 3279 1144 3346 adde
1165 3279 1414 3354 Duosrusrtn

240 3387 282 3452 de
308 3387 349 3455 F.
370 3388 411 3454 L.
438 3412 470 3479 p.
493 3393 575 3465 403,
601 3391 629 3453 l.
659 3387 758 3466 ξοιίνει
787 3387 874 3452 exre
903 3393 957 3453 τοῦ
978 3389 1069 3453 νώτου
1098 3387 1242 3464 πολλούς,
1262 3403 1296 3457 et
1320 3394 1413 3461 Atm-

241 3511 379 3562 rnrrmrr
405 3496 531 3561 Aruns.
561 3492 611 3559 VI.
634 3517 668 3583 p.
693 3496 768 3558 22⁴5.
793 3509 821 3556 c.
1370 3525 1373 3529 -

464 3596 542 3676 ἦοιιν
565 3600 597 3664 δὲ
621 3598 768 3677 πληγαί,
794 3596 916 3678 κοιιρίοιν
940 3598 966 3663 δ’
990 3597 1151 3681 είλνφίνοιι

465 3706 557 3782 δίξοις
582 3704 780 3769 κιιτνιπίπτει
805 3703 858 3767 ast
883 3710 1077 3784 λιποψυχεῖν
1101 3703 1192 3769 δοκῶν

466 3808 564 3874 ἔκειτο
589 3809 757 3888 μετὰτῶν
782 3809 908 3888 ίχθύυν.

241 3935 323 4002 quae
340 3913 575 4002 praemittenda
595 3935 661 3979 esse
683 3913 807 4002 putari,
824 3925 861 3977 nt
879 3911 1125 3977 emendarentur
1142 3912 1222 3993 Ioci,
1241 3915 1276 3980 in
1297 3918 1414 4007 quibus

241 4038 278 4082 ea
306 4017 461 4105 loquendi
490 4017 689 4083 consuetudo
717 4041 735 4081 a
755 4019 861 4083 sciolis
883 4018 1072 4107 interpolata
1093 4042 1158 4085 esse
1178 4019 1260 4085 milri
1283 4023 1416 4091 videtur.

241 4119 395 4208 Meropen
431 4123 516 4213 apud
549 4123 784 4188 Puunucnun
815 4123 905 4188 Tom.
932 4120 975 4189 lI.
1003 4148 1037 4214 p.
1064 4129 1140 4194 998.
1169 4144 1197 4191 ι.
1226 4149 1291 4194 non
1320 4131 1416 4197 credo

242 4225 454 4292 exclamasse:

487 4333 676 4415 ‘orrortpm
700 4334 735 4410 δὴ
759 4335 843 4412 τήνδ’
866 4335 927 4413 ἐγὼ
950 4335 1057 4414 δίδωμι
1080 4336 1125 4400 σοὶ

487 4440 625 4517 πληγήν.

243 4543 296 4629 (ut
310 4562 417 4632 neque
432 4543 577 4609 Electra:
601 4552 728 4622 πιιῖοον,
749 4545 774 4609 εί
796 4545 923 4624 σθένεις,
944 4545 1055 4618 διπλῆν
1073 4541 1231 4635 πληγήν),
1255 4548 1312 4622 sed
1332 4566 1415 4628 πλη-

242 4648 302 4726 νθν
323 4649 363 4712 ab
384 4649 493 4741 aliquo
513 4650 632 4742 lectore
654 4647 858 4739 adscriptum.
905 4647 1059 4716 Similiter
1080 4648 1191 4715 Petro
1210 4654 1252 4718 de
1271 4654 1416 4746 Legibus

243 4750 297 4818 XI.
316 4776 348 4842 p.
368 4759 444 4825 914.
465 4775 495 4826 ιι.
515 4778 579 4823 non
600 4755 726 4822 ridetur
743 4754 821 4823 milri
842 4753 1001 4844 scripsisse
1019 4754 1143 4828 πολλὰς
1161 4758 1293 4837 πληγὰς
1313 4784 1415 4840 naer-
