3309 5750
956 664 977 728 6

371 841 420 908 los
443 841 623 909 ineruditos
645 840 812 906 bominum
836 838 925 906 aliud
939 839 1105 925 agentium
1135 838 1307 919 fallebant,
1331 840 1387 908 sed
1411 843 1451 910 ito

371 947 467 1026 baut,
490 955 526 1011 nt
547 947 617 1033 ipsa
639 948 718 1012 vitia
749 947 825 1011 binc
855 951 932 1011 nata
955 951 1043 1011 certa
1072 945 1208 1029 vestigia
1230 963 1325 1011 verae
1348 946 1451 1014 lectio*

370 1052 547 1138 imaginem
575 1052 748 1139 quamdam
781 1053 979 1127 retinerent,
1009 1048 1179 1116 obscuram
1201 1057 1234 1116 et
1265 1049 1439 1137 fugientem

369 1158 501 1245 quidem
525 1157 580 1224 sed
604 1179 686 1245 quae
709 1165 803 1223 acute
827 1156 1033 1221 cernentibus
1053 1155 1154 1220 oculis
1166 1176 1300 1234 eorum,
1324 1157 1425 1244 quir·

370 1271 403 1329 et
429 1271 554 1331 certum
576 1264 704 1331 dicendi
736 1281 831 1328 usum
860 1268 990 1326 teneant
1016 1262 1146 1347 agnosci
1170 1268 1203 1326 et
1226 1261 1396 1347 pristinam

372 1371 515 1456 recipere
539 1370 640 1456 possit
660 1377 692 1434 et
715 1386 867 1454 expressa
886 1385 1051 1451 apparere.

415 1474 496 1540 Nam
523 1482 749 1560 praeterquam
768 1472 852 1559 quod
871 1470 1078 1538 distrahenda
1098 1470 1320 1557 coniungunt,
1337 1493 1385 1538 cor

367 1576 577 1657 distrahunt,
602 1598 685 1665 quae
711 1599 763 1644 res
790 1577 948 1643 mirificas
970 1576 1080 1642 turbas
1102 1575 1178 1643 dare
1202 1577 1303 1656 solet,
1325 1579 1377 1644 soi¹

367 1682 487 1748 daunno
510 1683 637 1770 antiqui
661 1685 861 1749 monumenti
884 1682 967 1748 ludit
994 1681 1129 1748 lectores
1145 1683 1254 1748 minus
1275 1693 1359 1750 acuo

368 1808 443 1854 rum
467 1788 588 1856 formas
606 1809 705 1876 paene
729 1789 852 1855 similes
872 1796 928 1854 aut
953 1809 1015 1853 non
1030 1787 1169 1854 multum
1187 1786 1357 1854 dissimile>

368 1895 403 1958 iu
420 1892 551 1959 modum
577 1895 713 1961 miscere
733 1894 846 1960 solent.
894 1905 923 1959 A
942 1914 982 1959 an
1006 1905 1035 1960 Δ
1059 1913 1100 1959 an
1124 1904 1156 1960 A
1176 1893 1219 1959 sit
1234 1893 1344 1980 script·

368 1997 509 2063 bendum
531 2019 590 2065 nec
615 2001 722 2065 sciunt
747 2019 805 2065 nec
827 1999 989 2083 cogitant,
1013 1999 1165 2065 similiter
1186 1999 1305 2085 passim

369 2101 511 2169 fundunt
539 2112 571 2170 et
596 2112 641 2184 Ε,
666 2114 787 2182 Θ,0,
813 2109 859 2180 G,
884 2111 914 2169 et
940 2113 1059 2180 Z,T,
1085 2110 1117 2169 et
1141 2112 1265 2182 H,N‚
1289 2114 1317 2170 T

368 2216 597 2286 r‚Tetn‚
630 2217 1293 2288 rc‚etM,nu,An,un,N1,et

370 2320 525 2392 netu,
561 2315 1303 2394 u‚T1‚Tn‚1T,r1,1r‚etu‚r‚u

365 2417 423 2485 bos
444 2438 569 2486 errores
593 2420 816 2506 coniungendo
844 2426 876 2485 et
900 2419 1064 2485 miscendo
1087 2439 1184 2506 pmpe
1205 2419 1295 2485 innui

412 2523 597 2591 Nascuntur
620 2547 660 2593 ex
691 2525 752 2592 hac
776 2524 922 2591 socordia
951 2533 1008 2590 aut
1035 2532 1181 2591 monstra
1203 2527 1289 2592 vnca'

366 2626 459 2695 facite
483 2630 522 2696 ab
546 2632 696 2697 omnibus
722 2638 941 2717 procurantur
965 2631 1041 2717 quia
1071 2628 1186 2696 fallunt
1213 2651 1282 2696 nen·

364 2753 404 2799 ex
428 2735 501 2800 aliis
522 2743 648 2802 mutata
672 2745 802 2821 repento
823 2735 925 2801 forma
948 2735 1044 2801 rerba
1068 2736 1189 2802 Graeca
1212 2755 1261 2820 app

366 2840 422 2925 qui
446 2838 552 2905 iuerat
578 2841 768 2927 necopinato
793 2843 889 2907 vertit
910 2842 943 2906 in
975 2844 1135 2927 fortunam
1156 2839 1255 2929 fitquc

365 2952 547 3029 sequuntur
569 2946 705 3026 εὐτυχία
725 2984 771 2996 -
790 2946 955 3028 εὐψυχία,
979 2948 1120 3027 εὐτυχῶς
1142 2984 1186 2995 -
1204 2952 1246 3013 eb.

363 3046 498 3114 eandem
533 3068 691 3118 normam.
741 3051 775 3117 Si
800 3070 954 3137 magnum
979 3058 1028 3115 est
1054 3051 1101 3115 au
1122 3053 1235 3119 mirari

363 3153 446 3219 banc
468 3153 595 3221 laudem
617 3155 757 3222 librariis
777 3156 857 3222 notit
876 3155 1046 3241 impertiri.
1071 3156 1221 3223 Dicuntur

363 3259 419 3325 IX.
445 3264 487 3327 29
513 3261 545 3325 in
567 3261 687 3347 praelio
710 3262 899 3329 occubuisse
919 3266 1220 3343 cinerariorum·

358 3364 527 3446 νιζόμενοι,
552 3368 679 3433 Rursum
697 3375 810 3434 contra
830 3365 890 3432 hoo
910 3366 1059 3432 miserum
1072 3366 1207 3435 videbat·

358 3472 447 3547 suit,
473 3472 529 3539 seul
553 3482 676 3541 veteres
700 3476 745 3540 sic
767 3492 870 3561 noque
888 3473 1032 3558 cogitant
1052 3491 1155 3558 neque
1178 3471 1204 3536 b

110 3571 119 3657 'p
357 3576 478 3643 milites
502 3578 541 3644 de
566 3600 655 3644 more
680 3581 829 3661 εὐψύχως
849 3585 1080 3664 pugnaverant.
1107 3580 1186 3663 Apu

110 3664 119 3703 '²
361 3702 423 3765 gna
449 3689 480 3746 et
504 3682 655 3767 opulenta
684 3685 716 3748 in
746 3703 827 3748 tinas
851 3683 945 3749 aedes
977 3682 1179 3749 contrabitur

361 3785 517 3853 ἐλάττονα
539 3785 644 3854 οἶκον
664 3797 835 3867 συνῆκται,
848 3787 1000 3875 quodqui
1022 3807 1085 3855 non
1101 3790 1168 3875 cap?

259 3879 277 3927 ¹
360 3889 459 3958 babit.
508 3892 594 3958 Nihil
611 3902 661 3959 est
677 3893 831 3960 adversus
852 3892 909 3959 bos
932 3912 1057 3960 errores
1076 3894 1153 3960 satis

356 3994 428 4081 lpse
449 4017 596 4063 summus
624 3999 745 4066 Iurrrnn
766 4000 798 4063 in
827 4019 959 4064 uummo
983 4000 1120 4065 Cretensi
1145 4022 1147 4029 ·

358 4109 446 4164 ΖΑΝ
470 4108 669 4184 uparanete
691 4105 746 4189 qui
766 4103 871 4169 suerat
892 4104 1095 4191 repenterob
1116 4104 1142 4167 t·

357 4203 394 4270 D.
408 4205 444 4270 N.
458 4204 497 4271 ΙΙ.
518 4228 548 4293 p.
569 4212 644 4275 301.
669 4210 724 4294 qui
748 4207 806 4274 raia
826 4210 974 4276 Doricum
988 4209 1121 4275 formam

357 4311 454 4388 citur,
466 4332 563 4398 quam
577 4334 670 4380 neruo
683 4314 760 4380 vidit
776 4323 807 4381 et
820 4335 915 4381 nemo
925 4315 1055 4381 videbit.
1080 4314 1114 4381 Li

354 4435 472 4502 genere
492 4438 617 4486 errores
629 4472 638 4499 ,
651 4440 848 4506 quamquam
869 4440 1003 4487 numero
1024 4440 1107 4487 carot

351 4523 398 4586 sic
422 4520 669 4610 depravatorum
701 4528 888 4592 varietatem
912 4547 981 4593 esse
1012 4526 1096 4595 creib
1380 4520 1451 4595 i

353 4628 473 4708 uitam,
496 4632 602 4699 ta'nrcn
628 4632 660 4697 iu
681 4632 854 4717 permultis
879 4632 1024 4700 cernitur
1044 4632 1083 4697 itt
