3309 5750
859 630 900 691 88

287 798 381 875 sirac:
406 808 514 884 νεῦριι,
538 797 642 873 siresa
667 801 785 880 ιιιιγίς,
808 798 913 884 Εἷροςε
938 800 1084 883 πτωχός,
1108 800 1196 868 dabit
1216 800 1300 868 idem
1323 800 1474 885 εἱθύφοιλ·

289 923 365 985 λον,
388 907 527 984 sisaim,
551 905 661 985 εἵλοιο,
686 908 871 987 εἶλιγγιοῖν,
895 908 999 986 eilde,
1030 907 1093 974 alia
1116 907 1229 974 multa.
1276 908 1383 973 Etiam
1408 906 1477 973 bre·

287 1033 359 1079 vem
384 1012 523 1079 vocalem
550 1013 596 1078 sic
618 1016 815 1101 corrumpit:
840 1011 910 1080 sire
933 1014 962 1079 ei
987 1014 1116 1091 esitio,
1138 1014 1285 1079 εἷοείοοοιν
1309 1020 1341 1078 et
1358 1012 1477 1087 εἰοείοις

288 1118 477 1185 scribuntur
505 1118 592 1184 κιιοιὶ
615 1128 749 1201 εοιχεῑον
773 1141 832 1187 suo
855 1119 936 1186 loco.
982 1118 1071 1185 Idem
1100 1119 1261 1185 contrario
1288 1136 1398 1184 errore
1426 1137 1479 1184 re·

286 1224 373 1311 cepit
397 1223 485 1307 ear:
509 1224 645 1305 βρῶμα,
668 1224 753 1307 itap:
778 1225 907 1302 εὐθέος,
937 1225 1096 1299 incestale:
1122 1225 1293 1303 ὁμοιωθείς,
1317 1222 1395 1288 ieter
1419 1241 1478 1309 pro

288 1330 401 1407 εἰκόσι,
429 1326 554 1409 inere:
581 1328 715 1409 ἱμοέτιοι,
738 1330 869 1410 ἴοομοιιε
894 1332 1071 1411 γνώσομαι,
1095 1327 1205 1398 isaeo:
1231 1330 1386 1408 ὡμοιώθη,
1410 1329 1477 1395 ι’νιο·

287 1435 402 1518 siper,
428 1454 469 1500 ne
504 1435 622 1515 ἔροινείοο
648 1435 777 1521 quidem
802 1434 929 1501 dubitat
958 1435 1101 1522 recipere
1134 1443 1166 1501 et
1188 1433 1308 1500 ἰοόιιεντ
1343 1430 1397 1507 ἕως
1428 1431 1478 1499 ἴον.

288 1540 304 1606 l
326 1560 413 1606 nunc
431 1547 464 1606 ct
482 1540 583 1605 istum
607 1542 737 1608 consule
754 1550 827 1608 utra
852 1541 1013 1628 scriptura
1033 1541 1077 1606 sit
1099 1539 1219 1625 ubique
1247 1538 1361 1625 potior.
1408 1536 1478 1604 Non

288 1654 337 1713 est
368 1653 477 1712 tamen
497 1645 568 1711 eius
597 1646 726 1712 inscitia
750 1646 907 1730 insignior
930 1666 1027 1731 quam
1054 1644 1275 1731 reliquorum,
1299 1644 1354 1729 qui
1378 1642 1481 1720 λέξεις

290 1750 504 1817 condiderunt
533 1758 566 1815 et
599 1750 744 1836 linguam
766 1760 906 1818 veterem
941 1748 1128 1835 aequalibus
1154 1749 1357 1836 interpretati
1390 1756 1478 1815 sunl.

287 1854 531 1931 Hirroearrron,
548 1854 632 1941 apud
646 1876 741 1941 quem
765 1864 852 1939 νῖψον
876 1877 934 1943 pro
953 1863 1057 1938 νεῑψον
1076 1855 1218 1921 diximus
1238 1853 1482 1949 reponendum,

288 1960 358 2048 ipse
380 1961 426 2027 sic
446 1980 555 2026 errare
575 1961 693 2047 potuit,
717 1960 988 2047 quemadmodum
1017 1962 1137 2027 erravit
1159 1963 1192 2025 in
1217 1961 1313 2043 Δείνῳ
1332 1961 1403 2027 ἀντὶ
1425 1966 1481 2027 τοῦ

292 2068 420 2144 deroderet
442 2086 500 2152 pro
522 2066 590 2149 δίνῳ
610 2076 642 2132 et
663 2068 775 2144 δινήοει
799 2076 831 2132 et
855 2068 888 2131 in
908 2066 1045 2141 Κεινέοος.
1070 2064 1111 2131 oi.
1136 2073 1167 2131 et
1187 2086 1217 2131 V.
1237 2066 1371 2147 Σείρινοο.
1418 2065 1481 2131 lti-

292 2191 354 2237 nus
381 2172 477 2237 etiam
514 2192 609 2258 quam
631 2170 703 2248 bis,
735 2171 840 2238 doctis
866 2171 1037 2250 videlieet,
1059 2170 1146 2237 credi
1172 2178 1274 2257 potest
1298 2170 1480 2237 scribarum

290 2277 414 2342 nationi
444 2278 587 2342 omnium
619 2297 728 2343 rerum
750 2278 930 2363 imperitae.
978 2277 1169 2363 Saepissime
1199 2274 1321 2340 iuvabit
1345 2278 1377 2341 in
1399 2284 1481 2343 tem·

288 2401 365 2469 pore
392 2382 578 2448 meminisse
602 2383 734 2469 perinde
755 2403 826 2450 esse
851 2393 959 2449 utrum
983 2407 1009 2450 ει
1041 2402 1081 2449 an
1106 2408 1115 2448 ι
1139 2383 1181 2447 sit
1205 2382 1362 2467 scriptum
1386 2382 1418 2447 iu
1442 2380 1481 2446 li·

289 2487 359 2554 bris
378 2494 408 2554 et
431 2486 548 2574 ubique
573 2488 754 2575 nobisipsis
775 2507 845 2555 esse
868 2487 1041 2555 videndum
1068 2497 1141 2553 utra
1163 2486 1299 2553 lectione
1321 2488 1365 2552 sit
1386 2506 1477 2573 opus.

291 2593 385 2681 Apud
416 2594 566 2660 Honorum
602 2594 729 2660 tandem
764 2593 907 2674 γείνεοιι,
937 2595 1126 2676 γεινάμενοι,
1159 2592 1322 2676 γεινομένῳ
1353 2610 1478 2659 cessere

292 2699 471 2773 emendatis
483 2698 673 2764 lectionibus
695 2701 841 2778 γίγνειιι,
861 2699 1059 2780 γιγνόμεθα,
1081 2698 1277 2781 γιγνομένῳ,
1304 2705 1337 2762 al
1360 2696 1479 2784 quire·

291 2805 399 2871 stituit
420 2804 580 2869 Borrrrus
604 2825 665 2869 uon
687 2812 812 2871 constat
837 2805 897 2870 sibi
920 2805 953 2869 in
982 2805 1114 2870 brenno
1134 2824 1265 2870 servans
1281 2807 1346 2880 45,
1363 2810 1392 2870 t.
1409 2801 1482 2868 διιδ-

292 2935 336 2977 σιι
365 2909 404 2976 ἂν
425 2905 520 2974 ιιῦτιιι
552 2909 714 2986 εἰιινήοοιοι
744 2910 951 2993 γεινομένῳ
984 2908 1096 2992 incise.
1150 2910 1301 2975 Nrcnnoea
1334 2908 1482 2977 creditur

294 3017 328 3081 in
356 3014 514 3079 Tberiaeis
536 3034 582 3078 vs.
610 3019 653 3080 50
676 3014 794 3081 dixisse
821 3014 1007 3097 κρειοφιέγος
1032 3035 1090 3101 pro
1113 3036 1375 3089 cenomanens,
1400 3015 1482 3083 satis

295 3122 364 3207 ipse
388 3119 550 3186 commisit
569 3127 773 3204 peecatorum
785 3171 792 3191 .
805 3140 869 3207 quo
887 3122 995 3186 minus
1012 3120 1149 3186 aliorum
1170 3121 1258 3186 vitiis
1271 3128 1320 3186 est
1341 3140 1483 3207 urguen-

295 3225 374 3293 dus:
410 3224 540 3291 dederat
563 3224 752 3309 ιῳιοφοὶγος,
785 3234 822 3291 ul
853 3246 946 3312 saepe
970 3225 1048 3309 κριός
1085 3225 1163 3292 abiit
1197 3227 1229 3291 in
1260 3226 1377 3308 ιῳειός,
1407 3225 1481 3293 vide

295 3331 549 3398 Vmerorurmun
576 3330 617 3396 ad
647 3330 775 3398 Pboou..
802 3352 847 3398 vs,
871 3337 923 3397 44.
969 3331 1093 3398 Addam
1117 3352 1218 3397 unum
1241 3350 1279 3398 ex
1299 3332 1482 3411 Hrroooro,

294 3437 330 3505 in
354 3456 434 3524 quo,
458 3435 521 3501 nisi
539 3434 746 3503 vehementer
758 3436 871 3515 iallor,
889 3458 947 3503 nos
971 3437 1157 3503 ludificatur
1180 3434 1282 3502 iorma
1304 3435 1380 3503 hinc
1405 3444 1483 3503 nata

295 3545 428 3617 ὑπείοιις
457 3541 512 3608 lll.
534 3545 597 3607 126
625 3552 657 3608 et
683 3542 721 3610 V.
750 3549 825 3611 105.
884 3544 1028 3629 Fingunt
1047 3543 1133 3608 docti
1158 3539 1294 3606 termam
1319 3542 1424 3625 ὑφέιι,
1447 3543 1481 3609 in

274 3649 421 3714 'insidiis
444 3647 571 3726 colloco,
596 3649 679 3714 male
700 3657 924 3735 comparantes
948 3649 1106 3714 Horremus
1129 3643 1221 3723 οἷον,
1247 3646 1343 3728 λόχον
1373 3643 1480 3727 εἷοοιν,

296 3752 424 3820 similia.
447 3751 509 3832 Qui
533 3753 566 3817 in
591 3753 718 3818 insidiis
738 3753 882 3819 collocati
913 3760 990 3817 suut
1014 3752 1168 3818 dicuntur
1191 3753 1318 3838 proprie
1340 3754 1478 3836 ὑφῆσοιιι

294 3858 344 3924 vel
371 3858 599 3934 ὑποκοιθῆοθοιι,
628 3859 680 3925 cui
703 3856 799 3923 verlto
823 3857 1034 3944 respondebat
1062 3858 1159 3942 ὑφίζοι
1183 3858 1396 3932 ιιῐ,κοιθῆοθοιι
1424 3857 1480 3925 ha·

293 3961 349 4028 bet
368 3960 429 4026 sibi
455 3963 697 4048 respondentem
724 3960 858 4028 formam
886 3963 1018 4044 καθίζοις
1043 3964 1145 4049 igitur
1165 3963 1344 4028 Hrrooorus
1366 3982 1478 4048 quem·

293 4065 466 4133 admodum
484 4067 509 4132 l.
536 4073 588 4135 89.
608 4067 738 4154 scripsit
756 4069 882 4135 κοέιιοον
902 4067 1064 4152 φολοέκοιις
1087 4079 1121 4136 et
1141 4073 1196 4136 88.
1224 4068 1318 4133 αὐτὸν
1345 4067 1477 4147 κοὶτιοε,

294 4173 340 4238 sic
361 4171 426 4237 illic
446 4172 560 4247 ὑπίοοις
581 4182 613 4239 et
635 4175 801 4248 ὑπίοιιντες
826 4175 1010 4260 scripserat.
1057 4175 1163 4240 blinus
1190 4174 1286 4239 etiam
1314 4172 1478 4241 dubitabis

292 4277 319 4344 si
340 4277 460 4343 videris
484 4297 524 4344 ue
547 4277 656 4345 κιὶτιοε
688 4279 817 4366 quidem
843 4282 912 4346 sine
940 4279 1082 4365 periculo
1107 4277 1227 4356 luisse,
1253 4299 1327 4344 nam
1349 4278 1477 4346 codices

291 4382 423 4471 perboni
445 4392 572 4449 κοιτεῖοε
592 4393 624 4450 et
643 4384 769 4452 κοέτειοε
792 4387 955 4453 exhibent.

339 4487 424 4555 Satis
456 4489 566 4574 procul
591 4511 648 4556 nos
671 4492 888 4558 Brrrrmmun
918 4493 1048 4576 νειφέτω
1079 4490 1232 4567 abduxit,
1265 4497 1394 4555 revocat
1423 4507 1474 4555 me

293 4593 460 4672 Ludimus,
495 4595 548 4661 cui
579 4615 616 4662 ea
640 4598 707 4683 ipsa
739 4596 918 4664 observatio
947 4599 1065 4685 poterit
1092 4595 1241 4682 prodesse
1265 4600 1328 4675 70,
1353 4601 1395 4663 55
1420 4593 1474 4662 ubi

293 4698 447 4766 dicuntur
478 4701 628 4768 convivae
659 4703 844 4789 pauperculi
876 4704 959 4791 apud
992 4702 1123 4768 divitem
1153 4710 1323 4768 coenantes
1354 4703 1386 4767 in
1420 4719 1471 4787 po·
