3309 5750
748 656 814 720 319

181 853 277 922 Ridet
302 852 365 918 hoc
389 849 517 918 dicendi
539 849 652 917 vitium
672 848 729 938 qui
752 848 878 939 scripsit
896 847 1220 943 Paeudosopha'stam
1241 858 1261 921 7
1266 859 1305 936 6,
1328 861 1360 925 9.

181 961 220 1027 ln
241 964 303 1038 34,
327 962 370 1024 23
391 960 435 1037 μίν
456 953 642 1044 αἰδεσθείς
663 953 914 1032 μεταμανθάνων
929 956 1067 1045 pessime
1083 981 1143 1047 pro
1161 962 1356 1041 αἰσχυνθείς,

179 1080 212 1134 et
233 1064 356 1155 saepius
376 1062 455 1128 haec
477 1060 643 1139 confudit,
669 1069 704 1123 ut
727 1064 785 1137 35,
809 1062 841 1125 2.
860 1060 913 1141 ἐφ’
938 1057 977 1124 ὧν
1004 1060 1044 1125 σίν
1068 1086 1117 1136 τις
1139 1062 1248 1146 ᾐδέσθη
1269 1068 1357 1149 παρόν

179 1172 275 1253 μέλος
300 1192 332 1234 τι
353 1166 586 1250 φθεγξάμενος.
609 1171 652 1231 35
659 1213 668 1243 ,
696 1166 736 1228 10
756 1165 976 1245 κρησφύγετον
996 1166 1171 1248 εὑρόμενος,
1197 1170 1282 1236 mele
1299 1195 1358 1262 pro

179 1276 281 1359 εθρθν.
304 1276 362 1352 40,
389 1277 430 1337 13
455 1273 469 1336 ό
492 1272 549 1351 μὲν
574 1270 727 1348 μίγιςος,
752 1268 766 1331 0‘
793 1270 824 1334 δὲ
848 1268 932 1334 πόλις
958 1280 997 1353 τῇ
1024 1271 1131 1355 ἡλικία
1153 1276 1357 1359 χαμαίζηλος

177 1395 210 1448 et
238 1403 313 1447 mox
340 1382 366 1446 εί
391 1379 561 1459 μέλλουσιν
583 1375 731 1452 ὁμήλικες
751 1374 941 1455 φαίνεσθαι,
969 1374 1200 1443 Graeculorum
1220 1390 1268 1444 est
1288 1382 1358 1456 ἧλι-

177 1486 248 1552 κίαν
282 1484 389 1551 dioere
416 1505 474 1573 pro
503 1489 657 1558 statura,
690 1490 723 1544 et
753 1478 903 1558 όμθλικες
930 1503 990 1571 pro
1018 1483 1165 1548 eiusdem
1190 1493 1356 1574 staturae.

179 1590 307 1657 Graecis
333 1588 415 1654 nihil
443 1586 532 1653 aliud
553 1598 600 1651 est
620 1608 717 1675 quam
729 1589 836 1649 'aetas
856 1596 889 1649 et
909 1589 1078 1675 aequales.
1126 1588 1274 1656 Graeculi
1294 1589 1356 1656 boc

178 1699 380 1789 arripuerunt
410 1717 447 1761 ex
467 1693 564 1773 loeis,
583 1692 687 1783 qualis
713 1702 761 1757 est
788 1690 1033 1759 Anrsrorurnts
1052 1694 1143 1762 Ran.
1165 1702 1208 1762 55
1229 1698 1356 1777 σμικρὸς

177 1804 281 1881 ἡλίκος
305 1801 438 1876 Μόλων,
459 1824 533 1866 nam
552 1798 629 1865 hine
646 1798 754 1875 ἡλικία
774 1797 949 1870 formatum
970 1810 1032 1879 est,
1057 1823 1122 1866 non
1139 1824 1177 1867 ex
1194 1798 1276 1881 ἧλιξ.
1299 1802 1356 1867 nbi

176 1908 284 1985 ἡλικία
313 1906 446 1972 inolevit
465 1906 613 1984 ὁμήλικες
637 1914 783 1968 secutum
805 1914 869 1981 est,
890 1904 987 1970 etiam
1010 1906 1102 1996 peius
1121 1906 1245 1974 sitium.
1275 1914 1293 1996 §
1318 1911 1356 1973 [9

173 2013 344 2092 μεγαλυςί
380 2010 528 2078 Graeculi
559 2009 708 2075 dictitant
735 2029 795 2099 pro
815 2010 1017 2088 μεγαλείως,
1043 2020 1295 2095 μεγαλοπρεπῶς
1316 2036 1355 2082 ex

174 2119 361 2186 Homerico:
387 2128 470 2185 κεῖτο
490 2119 597 2199 μέγας
619 2116 800 2198 μεγαλωςί.
824 2119 843 2202 §
864 2120 907 2183 28
926 2118 964 2182 σὺ
981 2119 1039 2197 μὲν
1059 2119 1219 2193 ἀνεύθυνος
1238 2124 1351 2200 αὐτοῦ,

173 2223 259 2289 male
287 2247 346 2313 pro
376 2225 600 2302 ἀνυπεύθυνος,
630 2246 679 2289 res
699 2223 879 2288 enim'sunt
902 2224 1079 2299 νίνεθθννοι,
1104 2236 1137 2291 at
1158 2224 1305 2293 homines
1326 2229 1353 2293 si

174 2328 266 2393 euius
292 2330 339 2394 rei
371 2339 522 2394 tenentur
554 2328 682 2399 εθθθνας
714 2328 818 2392 δοῦναι
849 2339 904 2392 aut
933 2331 977 2407 μὴ
1015 2331 1117 2395 δοῦναι
1149 2333 1356 2424 appellantur

173 2431 332 2498 ὑπεύθυνοι
370 2446 401 2498 et
435 2432 646 2498 σίνυπεθθυνοι.
678 2434 740 2510 41,
774 2434 807 2495 3.
839 2439 934 2509 σιμός
972 2431 1051 2509 ἀξία
1089 2437 1175 2515 παρὰ
1209 2436 1354 2513 ποίντυν,

173 2548 293 2603 veteres
321 2545 416 2616 τιμῆς
449 2537 527 2614 aeta
571 2539 690 2610 πῖισιν,
727 2546 762 2600 ut
791 2534 926 2600 θανότου
964 2534 1050 2613 ἄξιος
1084 2547 1124 2620 τῇ
1160 2539 1261 2606 πόλει.
1291 2547 1309 2629 §
1335 2546 1355 2609 ’ί

172 2642 313 2722 οἴχονται
343 2642 452 2720 μόνους
482 2639 715 2720 ἀπολιπόντες,
748 2639 880 2705 Veteres
902 2639 1043 2721 οἴχονται
1069 2643 1354 2721 ἐγκαταλιπόντες.

170 2751 238 2836 §9.
265 2752 531 2825 πλεονεκτοῦμεν,
563 2757 688 2812 veteres
718 2744 944 2829 τλεονοίζομεν.
978 2748 1073 2831 §l2.
1100 2747 1194 2828 Φίλος
1219 2752 1254 2815 ἐκ
1279 2752 1354 2817 παί-

169 2855 226 2919 δων
248 2846 299 2927 ἦν,
323 2853 372 2918 illi
391 2854 427 2919 ἐκ
446 2852 575 2926 παιδός,
600 2853 635 2916 ἐκ
659 2850 735 2917 νόον.
763 2889 810 2903 -
835 2860 1020 2919 τελευταῖον
1044 2852 1096 2931 δέ,
1128 2852 1178 2919 illi
1198 2859 1354 2924 cellerariis

168 2959 212 3025 δί.
250 2961 341 3044 §ln
364 2960 451 3041 παρα
475 2960 527 3024 τόν
555 2958 712 3038 σίρμοςίρν,
735 2953 767 3030 it
799 2956 911 3039 ἷίθμοζε
940 2958 996 3032 riv
1020 2960 1151 3038 Ἀσίαν,
1184 2963 1235 3027 ad
1261 2963 1351 3028 Pro-

167 3067 347 3144 consalem,
369 3070 432 3154 qai
455 3065 576 3132 Asiam
597 3062 780 3142 obtinebat,
803 3062 854 3126 ad
870 3062 979 3127 Asiae
998 3063 1220 3132 Praesident:
1252 3066 1349 3149 σίρμο-

167 3172 223 3246 τίς
253 3196 271 3237 a
300 3171 468 3262 Spartanis
501 3181 642 3237 sumtum
682 3191 802 3234 nomeu
836 3179 904 3247 est,
937 3190 1075 3258 quorum
1105 3175 1281 3262 praefecti
1316 3175 1350 3240 in

167 3276 326 3342 sociorum
357 3279 492 3344 urbibus
521 3277 573 3343 rel
598 3275 757 3342 dediticiis
775 3272 914 3356 ιὶρμοςαί
935 3273 1146 3356 dicebantur,
1170 3281 1246 3369 quia
1265 3286 1350 3371 resp.

167 3385 419 3448 constituendae
448 3394 479 3449 et
509 3380 604 3447 rebus
637 3378 868 3470 componendis
897 3378 995 3443 creati
1022 3391 1055 3445 et
1078 3381 1165 3447 missi
1192 3385 1347 3451 rideban-

165 3500 227 3554 tur.
284 3487 337 3552 Sic
356 3487 487 3579 ,saepius
515 3486 717 3553 Praecidam
746 3486 902 3551 Ασίιαϊαο
931 3483 1115 3582 appellant,
1144 3499 1177 3552 et
1210 3491 1344 3558 verbum

163 3593 307 3677 ἁρμόζειν
336 3618 372 3660 ea
403 3618 484 3662 nova
511 3592 744 3683 significatione
774 3587 957 3656 mactarunt
986 3592 1044 3680 qui
1071 3592 1235 3659 venustius
1266 3598 1345 3662 seri-

164 3699 261 3778 bunt,
290 3702 408 3767 caeteri
434 3701 611 3766 ιίνθθπασον
634 3708 760 3764 vocant.
801 3695 855 3762 Sic
886 3699 965 3782 §22
1000 3696 1184 3765 Praefectus
1208 3700 1347 3791 Aegypti

163 3805 301 3886 σὶρμυτνίς
322 3807 461 3875 dieitur.
495 3808 513 3891 §
544 3809 597 3870 22.
625 3803 723 3874 οὐδεὶς
756 3804 789 3867 οὐ
816 3808 919 3881 γελῶν
949 3801 1200 3882 σίπνλλότσετο,
1224 3819 1345 3875 veteres

159 3908 256 3979 edbrit
282 3905 346 3983 ότις
368 3915 413 3976 οὐ.
444 3914 462 3997 §
483 3915 525 3977 25
548 3909 725 3989 λαβόμενος
751 3906 846 3974 αὐτόν
872 3914 927 3981 τῆς
954 3905 1077 3983 δεξιοῖς,
1104 3921 1226 3976 veteres
1246 3916 1343 3981 αὐτοῦ

161 4024 193 4076 et
213 4018 231 4100 §
251 4016 294 4078 39
317 4015 378 4088 τας
403 4016 534 4092 ιίμοίξας
562 4012 869 4092 κατελαμβάνοντο,
908 4011 995 4101 quod
1025 4010 1177 4102 frequens
1199 4018 1344 4085 omnium

160 4117 347 4208 aequiorum
375 4119 488 4183 sitium
517 4130 565 4184 est
594 4141 653 4207 pro
681 4116 943 4196 κατελάμβανον.
986 4122 1080 4204 §bb
1102 4124 1260 4198 συγγενὴς
1281 4148 1342 4202 μκ-

157 4225 280 4306 τρόθεν,
313 4237 435 4291 τοίοισι
467 4247 577 4290 omnes
606 4225 680 4303 πρὸς
705 4223 838 4304 μκτρός,
875 4222 1037 4311 sequiores
1069 4247 1162 4314 saepe
1189 4229 1253 4294 σίτό
1280 4253 1342 4307 μκ-

157 4327 237 4409 τρός.
286 4335 348 4411 42,
379 4338 417 4411 3,
448 4329 746 4406 συνανακλίνεσθαι,
782 4327 913 4393 Veteres
943 4331 1277 4412 aeramentorum,
1307 4315 1341 4400 et

155 4457 229 4499 rnor
259 4435 344 4502 ἔοικα
377 4441 403 4505 δ’
433 4436 568 4503 ἐνταῦθα
599 4431 784 4514 sasallera:
818 4455 878 4522 pro
908 4432 996 4497 ἔοικα
1030 4446 1151 4501 veteres
1181 4438 1255 4501 δοκῶ
1285 4463 1338 4518 μοι

157 4539 309 4606 dicebant
335 4556 369 4609 et
395 4548 482 4625 τριῶν
514 4544 631 4621 ἡμερῶν
662 4537 797 4628 pessime
827 4559 888 4628 pro
916 4546 999 4618 τρεῖς
1034 4540 1152 4621 ἡμέρας
1186 4542 1336 4631 positum.

158 4648 176 4731 §
197 4648 228 4710 6.
247 4645 327 4713 ἔνθεν
344 4648 420 4715 ἑλών
438 4669 529 4738 saepe
545 4645 660 4711 dicunt
681 4645 844 4735 sequiores
864 4643 980 4713 imitati
1006 4644 1194 4722 Hennensi,
1216 4645 1337 4734 θόρεν.

159 4759 198 4815 e.
227 4754 300 4818 500.
1062 4750 1064 4757 '
