3309 5750
728 645 795 712 396
888 676 898 685 ·-

172 868 299 928 ροινσες,
324 842 369 907 ita
388 840 520 908 demum
538 838 671 907 retineri
689 838 809 929 poterit
826 836 967 920 ἆνίννιν,
991 838 1114 929 siquas
1133 840 1210 909 alias
1228 844 1345 927 πέτριις

171 949 316 1029 γονίμους
341 971 408 1014 esse
428 946 596 1014 constabit.
643 944 728 1012 Nota
748 955 823 1010 sunt
846 944 1013 1036 proverbia
1034 948 1119 1011 sard
1141 930 1231 1014 alliso
1256 952 1346 1017 σπεί-

170 1079 250 1135 ρειν,
280 1054 369 1118 κοινοὶ
393 1058 511 1136 πετρῶν
540 1052 694 1133 σπείρειν,
720 1051 806 1117 urard
832 1050 998 1118 ἐοίλοισσκν
1023 1052 1175 1133 σπείρειν,
1199 1057 1347 1133 uirtutis

168 1161 277 1242 οὶροῦν,
298 1160 415 1249 quibus
432 1158 504 1249 quis
523 1179 677 1249 umquam
700 1155 837 1239 ἀγόνων,
850 1156 912 1221 rel
931 1155 1062 1235 ἄγονον,
1078 1156 1207 1224 adiiciat
1220 1170 1348 1249 praeter

171 1267 372 1335 Graeculos?
409 1272 468 1345 58,
501 1270 554 1332 30.
585 1264 703 1355 legitur
733 1260 768 1327 πὸ
803 1269 860 1335 σῆς
892 1263 1000 1336 κυνὸς,
1031 1260 1049 1337 ἣ
1079 1265 1150 1330 οὔτε
1177 1268 1346 1340 αὐτὴ-πῶν

170 1376 274 1453 κριθῶν
297 1374 389 1439 ἐσθίει
407 1373 479 1439 οὔτε
498 1375 541 1455 σῷ
560 1371 646 1454 ίππιρ
670 1368 842 1457 [δονοιμέννρ
858 1369 996 1457 φαγεῖν]
1020 1370 1188 1451 ἐπιπρέπει.
1212 1376 1270 1451 69,
1293 1376 1346 1440 13.

167 1477 253 1550 ἐνίοις
277 1479 308 1543 δὲ
327 1478 379 1541 κοιί
406 1477 565 1553 >ilustris
589 1478 672 1557 βοιρὺ
691 1475 744 1539 κοιί
772 1472 888 1561 [ὥσπερ
907 1470 956 1540 οὖν
976 1475 1056 1563 ἐςίν]
1077 1476 1234 1557 ἀφόρητον
1251 1478 1345 1561 ἐφοί-

167 1606 252 1655 νεσο,
284 1594 372 1648 recte
401 1581 458 1647 ille
493 1582 624 1673 quidem
654 1579 775 1645 iudicat
804 1579 948 1670 quisquis
971 1593 1036 1660 est,
1059 1580 1114 1647 sed
1139 1605 1203 1647 non
1223 1597 1260 1650 ut
1278 1585 1347 1650 eius

170 1687 266 1753 rerba
293 1688 464 1754 Lucianeis
490 1689 692 1754 misceantur.
724 1689 785 1764 70,
808 1690 861 1753 33.
892 1687 1107 1764 οίνκμνίσίκπι
1133 1688 1185 1752 σὸν
1211 1689 1344 1766 Ἰξίονος,

168 1790 200 1865 ὃς
233 1795 400 1883 [siralais]
428 1803 526 1869 κοινῆς
548 1793 705 1875 σροιπέζνρς
726 1791 855 1869 ἄξίωμοι
880 1790 943 1857 ίσον
966 1789 1049 1871 ἔχων
1074 1793 1166 1875 ὑμῖν,
1188 1816 1230 1859 ne
1249 1794 1346 1860 dubi·

166 1910 212 1963 tes
234 1921 415 1989 expungere
434 1899 558 1990 inspice
579 1898 754 1964 Euurrrnrs
777 1894 920 1961 Oresten
941 1919 982 1961 rs.
1005 1899 1035 1961 9.
1082 1895 1120 1961 lu
1138 1896 1218 1964 baec
1238 1900 1345 1965 omnia

167 2001 303 2093 digitum
325 2004 498 2106 intendisse
522 2006 597 2071 satis
618 2014 677 2069 est.
710 2000 846 2067 Mirifice
864 2001 982 2067 arridet
1003 2003 1090 2093 quod
1112 2025 1163 2070 me
1184 2005 1345 2073 lliuscnt·

169 2128 244 2174 erus
261 2133 350 2175 meus
376 2111 545 2176 admonuit
571 2114 627 2187 10,
649 2112 706 2187 13,
727 2114 756 2174 4.
780 2107 837 2172 ubi
860 2108 991 2197 vapulat
1012 2106 1215 2191 Aristoteles,
1234 2136 1347 2177 mona-

166 2214 264 2280 chum
293 2216 401 2280 neseio
426 2239 522 2305 quern
545 2227 602 2282 ant
626 2213 822 2280 Graeculum
841 2212 1044 2303 adscripsisse
1063 2216 1120 2292 ἐμὲ
1144 2215 1235 2294 μόνον
1252 2216 1345 2281 ἔοισον

167 2319 213 2384 σοὶ
239 2320 452 2399 Ἀριςοπέλους
482 2320 614 2393 sillum,
650 2341 733 2409 quae
760 2317 858 2384 rerba
884 2340 972 2383 nunc
992 2319 1067 2383 satis
1087 2318 1223 2386 absurde
1245 2321 1285 2386 ab
1305 2343 1345 2386 eo

170 2424 339 2502 dicuntur,
363 2424 420 2513 qui
441 2423 589 2489 omuibus
611 2422 790 2513 opprobriis
812 2422 1019 2488 Aristotelem
1038 2422 1145 2513 palam
1162 2426 1344 2491 insectatur.

170 2528 304 2593 Videbis
330 2527 426 2594 etiam
456 2528 534 2594 alibi
563 2528 737 2595 Graeculos
764 2528 969 2593 Aristotelem
991 2539 1024 2592 et
1042 2540 1182 2594 caeteros
1201 2528 1345 2619 philoso-

169 2632 251 2724 phus
281 2634 321 2699 ab
355 2632 498 2701 Lucrum
530 2632 608 2700 iocis
635 2646 669 2700 et
689 2634 830 2699 dicteriis
851 2633 1056 2699 vindicantes.
1103 2632 1231 2723 Insigne
1250 2634 1345 2701 buius

167 2741 214 2806 rei
232 2739 413 2829 exemplum
436 2750 484 2804 est
505 2740 536 2804 iu
556 2737 684 2805 scholiis
704 2762 733 2829 p
755 2741 809 2804 91.
831 2738 888 2803 ubi
907 2737 1005 2802 iratus
1026 2736 1201 2804 Graeculus
1219 2739 1344 2807 Lucru-

168 2864 240 2913 unu
268 2845 401 2936 castigat
422 2844 603 2912 Stoicorum
624 2844 728 2936 spinas
748 2856 780 2911 et
798 2845 833 2910 τὸ
858 2844 1024 2924 σιίμβιιμοι
1048 2845 1101 2911 sul
1120 2847 1155 2911 rb
1173 2847 1343 2928 πκριισύμ·

168 2953 267 3031 βομκ
293 2954 430 3018 suaviter
452 2951 620 3019 ridentem.
643 2953 719 3016 ἀλλ’
741 2951 952 3031 ἐπιτριβείης.
975 2945 996 3014 ὦ
1018 2949 1202 3032 κοισοίροιπε,
1221 2950 1344 3042 iuquit,

134 3071 141 3076 “
166 3057 276 3123 ποίνπκ
309 3059 438 3137 γελοίως
471 3059 530 3124 ὑπὸ
560 3058 617 3128 σὺν
645 3061 795 3134 μλῶστιιν
828 3054 951 3136 ςρέφιιν
977 3056 1030 3121 κοί
1057 3055 1100 3122 σοὶ
1123 3057 1210 3140 σοφοὶ
1234 3059 1343 3124 ποίνπιι
1419 3063 1421 3067 ’

166 3174 230 3236 τοῖς
255 3166 456 3241 ποιμνιιίδεσι
478 3161 721 3244 ποιρκβοίλλων,
746 3160 865 3227 deiude
885 3183 920 3226 ee
942 3160 1031 3227 addit
1052 3184 1135 3252 quae
1156 3185 1195 3227 ne
1215 3162 1343 3229 Stoicus

170 3268 301 3360 quidem
330 3268 399 3334 sine
428 3289 544 3333 nausea
572 3266 664 3355 legat.
711 3265 748 3330 ln
778 3272 813 3345 l,
838 3273 869 3333 8.
889 3267 969 3330 eiiee
987 3266 1086 3332 λάλον
1106 3267 1213 3349 ὄρνεον.
1248 3275 1287 3347 5,
1313 3275 1344 3334 l.

172 3372 356 3466 [ἐκίλονίοι]
378 3381 434 3447 πῆς
450 3372 601 3456 §pluuisse
624 3369 801 3450 ποέπίχειρκ
823 3371 954 3451 κομίζει.
976 3375 1012 3450 6,
1037 3376 1090 3437 33.
1106 3370 1172 3436 otas
1191 3395 1233 3449 με
1248 3367 1344 3437 οὖσαν

167 3479 338 3557 ἀπολείψει
369 3475 518 3564 [sirudis]
545 3475 708 3554 σιίνερνον,
733 3485 766 3540 et
788 3473 950 3540 simillima
971 3477 1009 3552 8,
1034 3479 1074 3555 4,
1100 3479 1131 3541 4.
1154 3486 1187 3540 et
1206 3479 1267 3554 66,
1292 3479 1345 3543 13.

170 3585 240 3652 illic
267 3578 326 3654 οἶος
355 3578 386 3647 εί
409 3581 448 3646 σύ
485 3579 574 3669 [οὕτω
595 3579 722 3668 κκλίς],
758 3579 811 3646 hic
843 3577 902 3645 οἷον
927 3579 966 3646 ἄν
994 3581 1045 3668 [ὡς
1069 3580 1253 3668 εὑδκίμονοι]
1276 3581 1344 3658 βίον

168 3687 348 3769 ἐπεβίωσαν
383 3685 499 3752 deinde
528 3689 654 3772 u§56
684 3697 715 3751 et
744 3691 798 3753 57.
833 3685 961 3764 μοίλιςοι
993 3683 1087 3774 (adde
1116 3685 1189 3772 μὲν)
1221 3687 1264 3757 είς
1288 3686 1346 3759 σὺν

169 3795 335 3861 temesae
356 3792 514 3872 ἐμβαλεῖς
537 3793 631 3858 sueto
647 3828 695 3842 -
709 3793 734 3857 εί
760 3793 793 3858 u
818 3793 862 3871 uls
889 3790 994 3879 [τοῦτο
1017 3790 1163 3879 βούλει]ε
1184 3793 1223 3868 9,
1247 3793 1288 3869 2,
1313 3794 1345 3856 4.

167 3912 298 3967 auctore
327 3897 589 3964 lluusrnuuusro
620 3898 749 3964 tandum
781 3896 982 3987 expellantur
1013 3896 1060 3985 [τὸ
1095 3897 1200 3979 σώζειν
1231 3897 1345 3968 αὐτοὺς

168 4004 222 4071 sul
252 4003 445 4091 οίπολλύνοιι]
474 4015 507 4070 et
528 4008 588 4082 10,
613 4008 649 4082 6,
674 4008 704 4070 2.
727 4002 897 4092 [πολλάκις
917 4000 1070 4089 ἐκφέρει].
1110 3998 1148 4064 lu
1168 4002 1207 4079 9,
1235 4004 1290 4081 13,
1317 4004 1348 4067 l.

168 4108 222 4176 κοιί
255 4107 306 4174 διὰ
337 4112 428 4171 τοῦτο
458 4118 611 4190 παρεῖχεν
647 4109 803 4198 [ἐοινσνίν[.
852 4105 972 4172 Notum
1000 4106 1105 4172 estin
1130 4124 1165 4171 re
1191 4107 1345 4173 amatoria

169 4213 322 4294 ποιρέχειν
341 4213 569 4300 morigerari,
593 4215 709 4280 omisso
736 4214 946 4304 pronomine,
965 4225 1002 4278 ut
1025 4216 1085 4290 67,
1104 4218 1145 4290 5,
1169 4215 1199 4277 4.
1220 4213 1345 4294 ποίρεχε

169 4324 255 4400 γοῦν.
302 4317 468 4383 Praeterea
499 4318 651 4397 ποιρέχειν
680 4318 798 4383 dicitur
827 4319 884 4408 qui
913 4316 1041 4383 medico
1070 4339 1185 4407 corpus
1211 4316 1345 4408 praebet

171 4423 341 4492 secandum
367 4425 418 4489 sal
439 4422 597 4489 urendum
619 4423 669 4489 rel
689 4423 834 4513 qualibet
854 4421 1014 4488 medicina
1034 4422 1230 4502 curandum,
1254 4423 1346 4488 cuiue

172 4534 220 4599 rei
247 4530 372 4620 egregia
398 4528 545 4621 exempla
574 4551 592 4594 s
620 4528 773 4596 Pusruuu
799 4527 930 4617 collegit
959 4528 1128 4596 Heusutus
1153 4528 1188 4592 in
1206 4527 1345 4617 Specim.

176 4634 263 4701 cru.
287 4639 326 4698 ιὀι
353 4635 528 4713 Platonem
560 4659 593 4726 p.
615 4637 671 4704 91.
692 4655 937 4726 nonnumquam
963 4634 999 4698 τὸ
1023 4639 1117 4713 σῶμοι
1138 4631 1285 4711 additur,
1309 4644 1345 4698 ut

172 4743 206 4810 in
230 4734 381 4810 Nubibus
402 4762 447 4808 rs.
474 4743 547 4814 110.
