3309 5750
790 608 857 682 229

236 815 333 883 ίνεῖνο
356 807 510 894 ύροίτομον
530 810 741 888 άτελύλούις
757 807 894 876 amanda
913 817 978 877 τοῖ
988 808 1052 876 ’τοι
1053 812 1100 878 τύ
1119 814 1243 879 ύείονῑ’
1228 821 1325 881 εκιῑνο
1348 812 1416 881 κτὲ.

237 917 297 986 τού
318 942 377 1011 pro
397 915 453 984 brot
469 923 563 1009 tn'rpe
583 927 630 983 est
649 915 703 983 sod
725 907 1022 1034 frequentissimum
1043 917 1273 985 Graeculorum
1288 919 1417 993 sitium,

238 1026 327 1116 quod
355 1045 550 1115 quamquam
572 1015 705 1115 plurimi
726 1017 942 1101 mdnucrunt,
967 1022 1039 1089 sido
1061 1021 1336 1113 Ριιιιιιιιοιινιίρ.
1358 1028 1418 1101 43,

239 1142 347 1197 tamen
362 1130 506 1196 nondum
526 1153 562 1195 cn
575 1121 756 1195 atticorum
768 1122 894 1219 scriptis
908 1128 1015 1219 potuit
1034 1129 1208 1220 exstirpari.
1232 1129 1270 1194 ln
1282 1128 1418 1218 Dialoqo

238 1236 295 1310 vl,
315 1241 345 1302 2.
365 1240 460 1317 ἐχρῆν
484 1234 639 1312 ἑξῆς-τως
661 1231 898 1310 γίγνεσθαι,
861 1255 919 1309 ,τον
941 1234 1150 1315 πρεσβύτερον
1169 1258 1209 1315 τρ
1212 1232 1311 1316 ύτερον
1326 1234 1419 1322 (aino-

237 1344 353 1429 ύανείν)
387 1340 441 1405 καὶ
467 1339 554 1418 μετά
579 1342 696 1419 τοῦτονΙ
719 1336 782 1408 dcta
800 1336 877 1401 -καί
901 1347 941 1421 τῇ
969 1337 1077 1422 ἡλικίᾳ
1100 1340 1174 1417 μετ’
1201 1337 1310 1413 αύτύν,
1337 1329 1420 1403 οιίίω·

238 1468 308 1511 ram
338 1444 392 1509 καὶ
423 1464 517 1509 sensu
546 1463 683 1509 vacuum
703 1453 765 1508 cst:
791 1440 914 1531 corrige
934 1439 998 1515 ύςνο
1019 1444 1082 1509 άοί.
1122 1442 1249 1509 Veteres
1268 1443 1420 1510 dixissent

239 1551 367 1617 brevius
384 1549 437 1615 τὸν
464 1549 513 1614 aiei
541 1549 772 1629 πρεσβύτατον.
823 1547 862 1613 Ιιι
884 1547 1019 1638 Dialoqo
1039 1547 1077 1614 X.
1098 1553 1116 1636 §
1139 1551 1191 1614 12.
1211 1549 1262 1612 ἕτί
1280 1548 1419 1630 Κράτωνι

241 1659 341 1740 τούτῳ
369 1657 440 1745 loge
470 1655 598 1735 τοντιρΐ,
631 1664 752 1720 veteres
780 1652 932 1719 dicebant
952 1655 965 1717 ὁ
985 1652 1113 1733 Κράτων
1135 1648 1221 1724 ούτοο
1242 1662 1275 1716 et
1293 1653 1420 1735 Κράτων

239 1762 344 1846 οὑτοσί
372 1755 440 1828 sinc
467 1758 620 1838 articulo,
652 1758 824 1827 Lucanos
853 1771 886 1826 et
917 1758 1083 1826 Atticistao
1113 1756 1237 1822 addunt
1256 1756 1420 1823 tertiumd

237 1867 348 1947 Τίρων
365 1868 486 1942 ούτοοί,
512 1864 581 1933 aid.¹
597 1872 633 1946 5,
649 1872 711 1945 31,
732 1872 791 1945 32,
812 1872 874 1946 33,
894 1872 956 1946 34,
975 1870 1029 1932 36.
1048 1877 1080 1930 et
1099 1865 1195 1944 alibi3
1217 1886 1313 1931 nemo
1332 1862 1421 1927 ‹iice-¹

240 1972 297 2038 bat
326 1974 434 2053 Τίρων
459 1968 556 2046 οὗτος.
606 1972 690 2038 Tum
713 1972 769 2039 IX.
791 1977 809 2060 §
832 1978 863 2041 2.
885 1974 956 2064 lego
976 1974 1163 2054 γενάοεούαν
1184 1995 1243 2062 pro
1262 1971 1419 2052 γενέσθαι·

239 2092 272 2146 ct
294 2081 312 2166 §
335 2086 363 2146 4.
393 2077 577 2145 reuoca-sd
609 2079 709 2161 οαύρά
737 2084 797 2146 τῶν
823 2078 1031 2159 βαλλαντίων
1060 2099 1119 2168 pro
1149 2078 1270 2159 τανιρά.
1318 2075 1423 2166 Saepe

243 2184 324 2251 haec
356 2184 479 2253 videbis
507 2181 683 2260 confundi,¹
715 2194 751 2248 ut
783 2179 843 2264 11,
877 2187 929 2250 17.
957 2183 1126 2262 ἀκούμενος
1154 2184 1198 2247 τά
1229 2180 1338 2263 σοιτρά
1361 2185 1422 2245 τῶν

240 2287 477 2366 ὑποδημάτων,
502 2283 588 2351 male
616 2286 726 2353 omnes
756 2288 866 2370 σατρά
895 2299 1084 2378 receperunt
1107 2310 1168 2378 pro
1186 2286 1283 2368 ταύρ’
1263 2312 1306 2361 α,
1325 2284 1422 2387 quod

241 2392 314 2459 ael
318 2405 429 2472 contra
454 2390 562 2460 omncs
589 2395 693 2460 libros
709 2395 804 2461 unice
821 2408 892 2462 erat
911 2396 1151 2487 probandum
1178 2380 1354 2484 Quidquid
1364 2417 1423 2458 na·

241 2498 314 2564 tura
334 2506 547 2590 putrescere
562 2512 668 2591 potest
687 2492 774 2565 recte
792 2525 877 2583 σατρ
880 2501 911 2566 ύν
934 2501 1078 2581 dicitur.
1095 2498 1260 2590 quidquid
1275 2521 1342 2562 non
1361 2516 1422 2599 po·

243 2616 307 2671 test
335 2604 391 2671 sed
419 2604 516 2695 longo
539 2623 607 2670 usn
637 2599 789 2671 detritum
815 2606 979 2673 fatiscit
954 2608 1042 2672 rimis
1064 2618 1119 2673 aut
1137 2606 1280 2670 lacerum
1299 2613 1347 2669 cst
1364 2616 1423 2670 aut

240 2723 407 2803 pertusum
426 2712 478 2777 καί
504 2710 609 2790 τίνειν
630 2712 731 2779 ούκέτι
752 2713 883 2778 δύναται
902 2714 983 2780 solet
1006 2711 1115 2794 σαύρύν
1134 2710 1216 2777 dici:
1242 2720 1277 2774 nt
1297 2706 1421 2791 χύτρα,

241 2826 370 2893 πλοῖον,
400 2816 483 2883 οἰκία
505 2828 537 2883 et
558 2829 768 2908 opponuntut
787 2818 871 2885 inter
891 2842 924 2886 se
943 2819 1029 2899 ὑγιὲς
1055 2818 1108 2885 καί
1138 2816 1259 2901 οαίρύν.
1289 2816 1425 2907 itaque

243 2925 437 3003 ὑποδήματα
452 2922 496 2988 et
522 2924 710 3002 βαλλάντια
734 2938 868 3017 possunt
894 2925 993 3009 σαύρά
1016 2949 1101 3004 esse,
1132 2924 1240 3008 οατρά
1261 2946 1327 2990 non
1346 2945 1422 3014 pos·

243 3041 326 3096 sunt.
360 3028 482 3121 Siquis
502 3030 599 3121 longo
619 3055 678 3098 usu
697 3031 760 3099 hoo
779 3056 889 3099 verum
911 3056 978 3099 csso
994 3032 1187 3124 compererit
1208 3043 1294 3097 certa
1311 3052 1422 3097 emen·

243 3137 372 3203 datione
395 3138 420 3203 si
439 3139 516 3228 quid
539 3139 636 3204 estin
659 3138 786 3204 Graecis
805 3126 1014 3229 scriptoribus
1031 3136 1139 3219 οαύρύν
1156 3137 1296 3216 sanabit,
1314 3156 1422 3232 nequo

241 3244 387 3335 patietur
405 3243 536 3324 τάριχος
559 3243 624 3309 dici
640 3244 768 3326 ταύρίν,
786 3268 893 3335 noque
906 3247 1040 3325 άγγεῖον
1056 3243 1185 3324 σατρύν,
1204 3243 1423 3334 ιιοιριιοοίκίαν

244 3347 383 3430 οατράν.
431 3347 616 3438 Perclegans
644 3359 692 3415 ost
720 3335 865 3416 Luctani
886 3352 976 3416 locus
998 3352 1060 3426 48,
1086 3350 1115 3412 4.
1139 3347 1280 3428 καύάτερ
1308 3348 1342 3411 αί
1368 3365 1425 3410 το·

246 3451 334 3533 ννραί
360 3450 443 3532 χύτρ
446 3475 479 3516 αν
505 3453 737 3535 διακρουόμεναι
764 3455 822 3533 μὴ
837 3478 921 3536 οατρ
924 3478 955 3518 ον
982 3450 1101 3533 ύτοφά
1087 3474 1265 3528 εγγωνται,
1296 3451 1329 3516 in
1359 3469 1426 3547 quo

244 3557 400 3624 debuerat
420 3557 598 3624 Benacus
618 3560 677 3624 οαύ
663 3558 726 3640 ύρύν
679 3559 945 3657 preciperca
942 3555 1140 3653 Gasacnoao
1161 3541 1426 3621 commendatum

245 3677 280 3731 et
300 3665 580 3730 WnTTnnnacmo
601 3664 641 3728 ad
662 3663 857 3735 Pnuanacn.
880 3689 913 3756 p.
935 3650 1010 3729 497.
1029 3661 1092 3727 nisi
1103 3660 1200 3751 quis
1202 3661 1286 3727 forte
1312 3661 1426 3753 opina·

246 3783 301 3836 tur
320 3769 380 3842 τάς
402 3770 526 3850 χύτρας
550 3770 625 3834 dici
633 3790 725 3859 posse
746 3779 899 3845 σαπῆναι.
948 3769 985 3837 iu
1000 3768 1140 3857 Dialogo
1162 3765 1233 3832 XII.
1254 3770 1323 3853 §3
1345 3765 1427 3832 dici·

248 3872 302 3943 aar
325 3873 544 3939 Alexander'
524 3875 649 3948 ατοςάς
673 3881 733 3940 τῶν
754 3875 902 3959 πατρῴαν
924 3868 1049 3942 adorari
1068 3860 1221 3940 voluisse.
1249 3898 1314 3941 nou
1335 3885 1382 3943 est
1401 3873 1427 3938 is

250 3983 394 4048 Lucam
424 4001 512 4045 error
541 3980 716 4046 admodum
745 3980 913 4049 ridic'ulus'
930 3983 985 4049 sed
1009 3980 1202 4048 scribarum.
1225 3979 1269 4045 τά
1293 3979 1427 4060 τατριρα

251 4086 334 4155 nihil
358 4082 446 4152 aliud
472 4098 519 4150 cst
544 4107 640 4175 quam
656 4091 922 4178 patrimonium,
947 4102 983 4154 ut
1007 4089 1040 4155 in
1065 4075 1232 4153 notissimo
1254 4073 1426 4152 versiculo.

476 4186 595 4271 πατρῷ’
619 4189 703 4271 ἔχειν
727 4193 775 4257 δεῖ
795 4194 848 4258 τὸν
872 4200 976 4267 καλῶς
1000 4184 1171 4271 ἐὐδαίμονα

251 4311 285 4367 et
305 4297 349 4366 τά
371 4296 505 4377 πατρῷα
534 4300 761 4375 καταφαγεῖν,
777 4308 822 4373 ,οἱ
852 4296 967 4362 similia
997 4297 1113 4388 passim
1134 4286 1219 4385 apud
1239 4286 1349 4360 omncs
1369 4316 1429 4360 usu

250 4418 316 4472 tam
341 4400 498 4468 constanti
519 4422 615 4490 quam
636 4399 808 4488 frequenti.
851 4402 932 4469 Moe
952 4407 1135 4480 maiomam,
1159 4420 1265 4488 aquo
1290 4399 1428 4464 Alexan·

253 4510 310 4576 der
329 4507 496 4575 descivisse
516 4506 675 4596 arquitur,
697 4517 785 4571 certo
806 4528 865 4572 usu
886 4509 929 4574 τά
955 4507 1075 4589 τάτρια
1097 4505 1279 4596 appellatur
1296 4493 1429 4567 ab'om'·

252 4616 366 4696 nibus,
388 4613 432 4680 'ct
460 4612 612 4679 Luctnno
640 4608 842 4678 reddendum
867 4619 927 4679 τῶν
957 4611 1118 4693 τατρίων,
1145 4609 1202 4701 qui
1227 4604 1431 4686 acceptasset

251 4723 393 4806 πατρῷοςΙ
422 4730 529 4811 potest
555 4718 800 4809 nonnumquam
832 4715 1143 4799 ύτοονγκοχνκέναν,
1164 4712 1210 4780 τά
1239 4708 1371 4791 τατρῷα
1397 4719 1432 4775 ct
