<?xml version="1.0" encoding="UTF-8"?>
<!DOCTYPE html PUBLIC "-//W3C//DTD XHTML 1.0 Transitional//EN"
    "http://www.w3.org/TR/xhtml1/DTD/xhtml1-transitional.dtd">
<html xmlns="http://www.w3.org/1999/xhtml" xml:lang="en" lang="en">
 <head>
  <title>
</title>
<meta http-equiv="Content-Type" content="text/html;charset=utf-8" />
  <meta name='ocr-system' content='tesseract 3.04.00' />
  <meta name='ocr-capabilities' content='ocr_page ocr_carea ocr_par ocr_line ocrx_word'/>
</head>
<body>
  <div class='ocr_page' id='page_1' title='image "./variaelectiones01cobegoog_0482.png"; bbox 0 0 3309 5750; ppageno 0'>
   <div class='ocr_carea' id='block_1_1' title="bbox 723 670 800 741">
    <p class='ocr_par' dir='ltr' id='par_1_1' title="bbox 723 670 800 741">
     <span class='ocr_line' id='line_1_1' title="bbox 723 670 800 741; baseline 0 0"><span class='ocrx_word' id='word_1_1' title='bbox 723 670 800 741; x_wconf 81' lang='lat'><em>&#39;361</em></span> 
     </span>
    </p>
   </div>
   <div class='ocr_carea' id='block_1_2' title="bbox 141 856 1351 4754">
    <p class='ocr_par' dir='ltr' id='par_1_2' title="bbox 170 856 1351 964">
     <span class='ocr_line' id='line_1_2' title="bbox 170 856 1351 964; baseline -0.001 -28"><span class='ocrx_word' id='word_1_2' title='bbox 170 866 237 937; x_wconf 83' lang='lat' dir='ltr'><em>boc</em></span> <span class='ocrx_word' id='word_1_3' title='bbox 257 871 355 939; x_wconf 83' lang='lat' dir='ltr'>rerba</span> <span class='ocrx_word' id='word_1_4' title='bbox 370 872 487 937; x_wconf 81' lang='lat' dir='ltr'>formas</span> <span class='ocrx_word' id='word_1_5' title='bbox 503 874 651 963; x_wconf 85' lang='lat' dir='ltr'>antiquas</span> <span class='ocrx_word' id='word_1_6' title='bbox 667 884 699 939; x_wconf 90' lang='lat' dir='ltr'><em>et</em></span> <span class='ocrx_word' id='word_1_7' title='bbox 714 872 829 963; x_wconf 85' lang='lat' dir='ltr'>probas</span> <span class='ocrx_word' id='word_1_8' title='bbox 843 894 864 936; x_wconf 89' lang='lat' dir='ltr'>a</span> <span class='ocrx_word' id='word_1_9' title='bbox 881 856 996 964; x_wconf 80' lang='lat' dir='ltr'><em>scribis¹</em></span> <span class='ocrx_word' id='word_1_10' title='bbox 1012 867 1135 935; x_wconf 85' lang='lat' dir='ltr'>tentari.</span> <span class='ocrx_word' id='word_1_11' title='bbox 1161 870 1351 963; x_wconf 78' lang='lat' dir='ltr'>Saepissime</span> 
     </span>
    </p>

    <p class='ocr_par' dir='ltr' id='par_1_3' title="bbox 175 975 1349 1068">
     <span class='ocr_line' id='line_1_3' title="bbox 175 975 1349 1068; baseline 0.003 -28"><span class='ocrx_word' id='word_1_12' title='bbox 175 976 261 1067; x_wconf 89' lang='lat' dir='ltr'>apud</span> <span class='ocrx_word' id='word_1_13' title='bbox 293 978 475 1044; x_wconf 72' lang='lat' dir='ltr'>Anlsrtnara</span> <span class='ocrx_word' id='word_1_14' title='bbox 502 979 559 1068; x_wconf 81' lang='lat' dir='ltr'><em>qui</em></span> <span class='ocrx_word' id='word_1_15' title='bbox 586 981 618 1043; x_wconf 76' lang='grc' dir='ltr'><em>ἐν</em></span> <span class='ocrx_word' id='word_1_16' title='bbox 641 988 707 1052; x_wconf 80' lang='grc' dir='ltr'><em>σὀῑς</em></span> <span class='ocrx_word' id='word_1_17' title='bbox 732 981 820 1060; x_wconf 80' lang='grc' dir='ltr'><em>ἱεροῖς</em></span> <span class='ocrx_word' id='word_1_18' title='bbox 844 977 950 1055; x_wconf 77' lang='grc' dir='ltr'><em>λόγοις</em></span> <span class='ocrx_word' id='word_1_19' title='bbox 983 975 1023 1040; x_wconf 92' lang='lat' dir='ltr'><em>ad</em></span> <span class='ocrx_word' id='word_1_20' title='bbox 1053 975 1215 1042; x_wconf 83' lang='lat' dir='ltr'>fastidium</span> <span class='ocrx_word' id='word_1_21' title='bbox 1248 1000 1349 1068; x_wconf 89' lang='lat' dir='ltr'>usque</span> 
     </span>
    </p>

    <p class='ocr_par' dir='ltr' id='par_1_4' title="bbox 174 1079 1350 1175">
     <span class='ocr_line' id='line_1_4' title="bbox 174 1079 1350 1175; baseline -0.001 -29"><span class='ocrx_word' id='word_1_22' title='bbox 174 1095 404 1148; x_wconf 83' lang='lat' dir='ltr'><strong>commemorat</strong></span> <span class='ocrx_word' id='word_1_23' title='bbox 432 1106 527 1173; x_wconf 84' lang='lat' dir='ltr'><em>quam</em></span> <span class='ocrx_word' id='word_1_24' title='bbox 558 1097 651 1175; x_wconf 84' lang='lat' dir='ltr'>saepe</span> <span class='ocrx_word' id='word_1_25' title='bbox 674 1082 805 1161; x_wconf 82' lang='lat' dir='ltr'>laverit,</span> <span class='ocrx_word' id='word_1_26' title='bbox 829 1082 951 1147; x_wconf 88' lang='lat' dir='ltr'>formae</span> <span class='ocrx_word' id='word_1_27' title='bbox 971 1079 1144 1146; x_wconf 90' lang='lat' dir='ltr'>deteriores</span> <span class='ocrx_word' id='word_1_28' title='bbox 1166 1081 1350 1162; x_wconf 78' lang='grc' dir='ltr'><em>λουόμενος,</em></span> 
     </span>
    </p>

    <p class='ocr_par' dir='ltr' id='par_1_5' title="bbox 173 1186 1351 1269">
     <span class='ocr_line' id='line_1_5' title="bbox 173 1186 1351 1269; baseline -0.002 -17"><span class='ocrx_word' id='word_1_29' title='bbox 173 1189 336 1262; x_wconf 83' lang='grc' dir='ltr'><em>λούεσόοιι,</em></span> <span class='ocrx_word' id='word_1_30' title='bbox 357 1190 523 1269; x_wconf 82' lang='grc' dir='ltr'><em>ἑλουόμνν,</em></span> <span class='ocrx_word' id='word_1_31' title='bbox 543 1202 574 1255; x_wconf 92' lang='lat' dir='ltr'><em>et</em></span> <span class='ocrx_word' id='word_1_32' title='bbox 594 1191 780 1267; x_wconf 85' lang='grc' dir='ltr'><em>λελοῦσόκι,</em></span> <span class='ocrx_word' id='word_1_33' title='bbox 803 1188 989 1265; x_wconf 72' lang='grc' dir='ltr'><em>λελουμένος</em></span> <span class='ocrx_word' id='word_1_34' title='bbox 1010 1210 1026 1251; x_wconf 92' lang='lat' dir='ltr'>a</span> <span class='ocrx_word' id='word_1_35' title='bbox 1049 1186 1185 1251; x_wconf 89' lang='lat' dir='ltr'>librariis</span> <span class='ocrx_word' id='word_1_36' title='bbox 1207 1187 1351 1251; x_wconf 78' lang='lat' dir='ltr'>invectae</span> 
     </span>
    </p>

    <p class='ocr_par' dir='ltr' id='par_1_6' title="bbox 175 1292 1351 1482">
     <span class='ocr_line' id='line_1_6' title="bbox 175 1292 1351 1389; baseline 0 -32"><span class='ocrx_word' id='word_1_37' title='bbox 175 1293 518 1371; x_wconf 77' lang='lat' dir='ltr'>sunt,ridel)1an0nr.</span> <span class='ocrx_word' id='word_1_38' title='bbox 532 1295 612 1386; x_wconf 87' lang='lat' dir='ltr'>adp.</span> <span class='ocrx_word' id='word_1_39' title='bbox 626 1297 667 1359; x_wconf 84' lang='lat'><em>27</em></span> <span class='ocrx_word' id='word_1_40' title='bbox 673 1298 707 1371; x_wconf 83' lang='lat'><em>4,</em></span> <span class='ocrx_word' id='word_1_41' title='bbox 722 1297 772 1360; x_wconf 83' lang='lat'><em>18.</em></span> <span class='ocrx_word' id='word_1_42' title='bbox 801 1292 1009 1381; x_wconf 79' lang='lat' dir='ltr'>Negligenter</span> <span class='ocrx_word' id='word_1_43' title='bbox 1020 1292 1168 1359; x_wconf 69' lang='lat' dir='ltr'>Branws</span> <span class='ocrx_word' id='word_1_44' title='bbox 1180 1292 1243 1389; x_wconf 88' lang='lat' dir='ltr'>fab.</span> <span class='ocrx_word' id='word_1_45' title='bbox 1255 1296 1309 1372; x_wconf 90' lang='lat'><em>71,</em></span> <span class='ocrx_word' id='word_1_46' title='bbox 1321 1299 1351 1359; x_wconf 89' lang='grc'><em>8.</em></span> 
     </span>
     <span class='ocr_line' id='line_1_7' title="bbox 396 1398 1105 1482; baseline -0.004 -17"><span class='ocrx_word' id='word_1_47' title='bbox 396 1400 547 1482; x_wconf 77' lang='grc' dir='ltr'><em>πρόσωπον</em></span> <span class='ocrx_word' id='word_1_48' title='bbox 571 1403 596 1466; x_wconf 79' lang='grc' dir='ltr'><em>δ’</em></span> <span class='ocrx_word' id='word_1_49' title='bbox 622 1401 721 1465; x_wconf 80' lang='grc' dir='ltr'><em>οιῦπῦν</em></span> <span class='ocrx_word' id='word_1_50' title='bbox 746 1399 869 1477; x_wconf 79' lang='grc' dir='ltr'><em>ἕξέλουε</em></span> <span class='ocrx_word' id='word_1_51' title='bbox 893 1398 946 1462; x_wconf 72' lang='lat' dir='ltr'><em>nai</em></span> <span class='ocrx_word' id='word_1_52' title='bbox 971 1399 1105 1479; x_wconf 74' lang='grc' dir='ltr'><em>κνὴμκς.</em></span> 
     </span>
    </p>

    <p class='ocr_par' dir='ltr' id='par_1_7' title="bbox 173 1502 1350 1591">
     <span class='ocr_line' id='line_1_8' title="bbox 173 1502 1350 1591; baseline 0.003 -25"><span class='ocrx_word' id='word_1_53' title='bbox 173 1524 313 1591; x_wconf 87' lang='lat' dir='ltr'>namque</span> <span class='ocrx_word' id='word_1_54' title='bbox 344 1505 433 1587; x_wconf 77' lang='grc' dir='ltr'><em>νίζειν</em></span> <span class='ocrx_word' id='word_1_55' title='bbox 461 1505 522 1571; x_wconf 87' lang='lat' dir='ltr'><em>hoc</em></span> <span class='ocrx_word' id='word_1_56' title='bbox 544 1520 664 1573; x_wconf 72' lang='lat' dir='ltr'>veteres</span> <span class='ocrx_word' id='word_1_57' title='bbox 686 1504 854 1582; x_wconf 80' lang='lat' dir='ltr'>dicebant,</span> <span class='ocrx_word' id='word_1_58' title='bbox 879 1514 911 1567; x_wconf 93' lang='lat' dir='ltr'><em>et</em></span> <span class='ocrx_word' id='word_1_59' title='bbox 932 1502 1038 1581; x_wconf 76' lang='grc' dir='ltr'><em>ε’ξέλου</em></span> <span class='ocrx_word' id='word_1_60' title='bbox 1060 1503 1215 1569; x_wconf 89' lang='lat' dir='ltr'>debuerat</span> <span class='ocrx_word' id='word_1_61' title='bbox 1234 1502 1350 1569; x_wconf 83' lang='lat' dir='ltr'>dicere.</span> 
     </span>
    </p>

    <p class='ocr_par' dir='ltr' id='par_1_8' title="bbox 169 1607 1351 2542">
     <span class='ocr_line' id='line_1_9' title="bbox 219 1607 1351 1698; baseline 0.001 -27"><span class='ocrx_word' id='word_1_62' title='bbox 219 1607 268 1671; x_wconf 79' lang='lat' dir='ltr'><em>Ad</em></span> <span class='ocrx_word' id='word_1_63' title='bbox 297 1631 368 1698; x_wconf 82' lang='lat' dir='ltr'>pag.</span> <span class='ocrx_word' id='word_1_64' title='bbox 392 1614 445 1677; x_wconf 86' lang='grc'><em>86.</em></span> <span class='ocrx_word' id='word_1_65' title='bbox 480 1613 597 1695; x_wconf 77' lang='grc' dir='ltr'><em>Νίφειν</em></span> <span class='ocrx_word' id='word_1_66' title='bbox 618 1611 824 1677; x_wconf 89' lang='lat' dir='ltr'>scribendum</span> <span class='ocrx_word' id='word_1_67' title='bbox 844 1632 930 1689; x_wconf 88' lang='lat' dir='ltr'>esse,</span> <span class='ocrx_word' id='word_1_68' title='bbox 955 1632 1019 1675; x_wconf 91' lang='lat' dir='ltr'><em>aon</em></span> <span class='ocrx_word' id='word_1_69' title='bbox 1043 1611 1159 1692; x_wconf 77' lang='grc' dir='ltr'><em>νείφειν</em></span> <span class='ocrx_word' id='word_1_70' title='bbox 1179 1609 1351 1674; x_wconf 82' lang='lat' dir='ltr'>confirma-</span> 
     </span>
     <span class='ocr_line' id='line_1_10' title="bbox 173 1710 1350 1805; baseline 0.003 -31"><span class='ocrx_word' id='word_1_71' title='bbox 173 1710 221 1775; x_wconf 87' lang='lat' dir='ltr'><em>bit</em></span> <span class='ocrx_word' id='word_1_72' title='bbox 248 1712 394 1778; x_wconf 77' lang='lat' dir='ltr'>Pflortus</span> <span class='ocrx_word' id='word_1_73' title='bbox 425 1715 554 1796; x_wconf 78' lang='grc' dir='ltr'><em>Νίψοιι</em></span> <span class='ocrx_word' id='word_1_74' title='bbox 589 1716 697 1804; x_wconf 85' lang='lat' dir='ltr'>(scrib.</span> <span class='ocrx_word' id='word_1_75' title='bbox 726 1716 867 1805; x_wconf 74' lang='grc' dir='ltr'><em>Νῑψοοι)ι</em></span> <span class='ocrx_word' id='word_1_76' title='bbox 892 1714 1041 1795; x_wconf 83' lang='grc' dir='ltr'><em>μοικρόοῆ</em></span> <span class='ocrx_word' id='word_1_77' title='bbox 1069 1715 1172 1795; x_wconf 78' lang='grc' dir='ltr'><em>προίπν</em></span> <span class='ocrx_word' id='word_1_78' title='bbox 1198 1716 1350 1793; x_wconf 66' lang='grc' dir='ltr'><em>συλλαβὴ</em></span> 
     </span>
     <span class='ocr_line' id='line_1_11' title="bbox 172 1815 1351 1901; baseline 0.003 -22"><span class='ocrx_word' id='word_1_79' title='bbox 172 1815 264 1881; x_wconf 79' lang='grc' dir='ltr'><em>ὁπότε</em></span> <span class='ocrx_word' id='word_1_80' title='bbox 287 1819 337 1882; x_wconf 82' lang='grc' dir='ltr'><em>ἐπὶ</em></span> <span class='ocrx_word' id='word_1_81' title='bbox 359 1824 485 1900; x_wconf 72' lang='grc' dir='ltr'><em>νιφετοῦ</em></span> <span class='ocrx_word' id='word_1_82' title='bbox 507 1821 664 1887; x_wconf 61' lang='lat' dir='ltr'><em>artaverat</em></span> <span class='ocrx_word' id='word_1_83' title='bbox 685 1821 737 1886; x_wconf 81' lang='grc' dir='ltr'><em>κοοί</em></span> <span class='ocrx_word' id='word_1_84' title='bbox 762 1820 892 1901; x_wconf 75' lang='grc' dir='ltr'><em>ἔνιψεν</em></span> <span class='ocrx_word' id='word_1_85' title='bbox 915 1820 968 1883; x_wconf 82' lang='grc' dir='ltr'><em>κκί</em></span> <span class='ocrx_word' id='word_1_86' title='bbox 988 1821 1122 1901; x_wconf 78' lang='grc' dir='ltr'><em>ἕνίφόν</em></span> <span class='ocrx_word' id='word_1_87' title='bbox 1146 1820 1162 1892; x_wconf 76' lang='grc' dir='ltr'><em>ἡ</em></span> <span class='ocrx_word' id='word_1_88' title='bbox 1182 1825 1238 1896; x_wconf 69' lang='grc' dir='ltr'><em>νῦ.</em></span> <span class='ocrx_word' id='word_1_89' title='bbox 1274 1819 1351 1884; x_wconf 80' lang='grc' dir='ltr'><em>Εἴλ-</em></span> 
     </span>
     <span class='ocr_line' id='line_1_12' title="bbox 171 1919 1349 2018; baseline 0.003 -34"><span class='ocrx_word' id='word_1_90' title='bbox 171 1937 237 1985; x_wconf 88' lang='grc' dir='ltr'><em>λειν</em></span> <span class='ocrx_word' id='word_1_91' title='bbox 258 1934 290 1986; x_wconf 84' lang='lat' dir='ltr'><em>et</em></span> <span class='ocrx_word' id='word_1_92' title='bbox 311 1919 394 1988; x_wconf 87' lang='grc' dir='ltr'><em>είλοιι</em></span> <span class='ocrx_word' id='word_1_93' title='bbox 415 1937 448 1989; x_wconf 90' lang='lat' dir='ltr'><em>et</em></span> <span class='ocrx_word' id='word_1_94' title='bbox 469 1928 643 2018; x_wconf 83' lang='lat' dir='ltr'>composita</span> <span class='ocrx_word' id='word_1_95' title='bbox 664 1950 757 2017; x_wconf 81' lang='lat' dir='ltr'>saepe</span> <span class='ocrx_word' id='word_1_96' title='bbox 777 1924 866 2017; x_wconf 89' lang='lat' dir='ltr'>apud</span> <span class='ocrx_word' id='word_1_97' title='bbox 889 1923 1088 1989; x_wconf 81' lang='lat' dir='ltr'><em>flasrcmmr</em></span> <span class='ocrx_word' id='word_1_98' title='bbox 1106 1924 1275 2013; x_wconf 77' lang='lat' dir='ltr'>leguntur,</span> <span class='ocrx_word' id='word_1_99' title='bbox 1296 1924 1349 1987; x_wconf 87' lang='lat' dir='ltr'><em>cui</em></span> 
     </span>
     <span class='ocr_line' id='line_1_13' title="bbox 171 2025 1347 2122; baseline 0.003 -32"><span class='ocrx_word' id='word_1_100' title='bbox 171 2025 269 2091; x_wconf 83' lang='lat' dir='ltr'>redde</span> <span class='ocrx_word' id='word_1_101' title='bbox 288 2027 449 2095; x_wconf 78' lang='grc' dir='ltr'><em>είσίλλεινι</em></span> <span class='ocrx_word' id='word_1_102' title='bbox 470 2033 629 2112; x_wconf 75' lang='grc' dir='ltr'><em>είσοίνειν,</em></span> <span class='ocrx_word' id='word_1_103' title='bbox 651 2033 842 2098; x_wconf 81' lang='grc' dir='ltr'><em>είσελκόνειν</em></span> <span class='ocrx_word' id='word_1_104' title='bbox 864 2053 923 2122; x_wconf 91' lang='lat' dir='ltr'><em>pro</em></span> <span class='ocrx_word' id='word_1_105' title='bbox 944 2031 1096 2106; x_wconf 78' lang='grc' dir='ltr'><em>είσκλεῖν,</em></span> <span class='ocrx_word' id='word_1_106' title='bbox 1116 2042 1149 2094; x_wconf 91' lang='lat' dir='ltr'><em>et</em></span> <span class='ocrx_word' id='word_1_107' title='bbox 1166 2028 1347 2106; x_wconf 76' lang='grc' dir='ltr'><em>ἕξίλλεινι</em></span> 
     </span>
     <span class='ocr_line' id='line_1_14' title="bbox 169 2133 1347 2230; baseline 0.001 -33"><span class='ocrx_word' id='word_1_108' title='bbox 169 2133 321 2208; x_wconf 73' lang='grc' dir='ltr'><em>ἕκβοιλεῖν</em></span> <span class='ocrx_word' id='word_1_109' title='bbox 345 2156 410 2222; x_wconf 74' lang='grc' dir='ltr'><em>Ῑιιυ</em></span> <span class='ocrx_word' id='word_1_110' title='bbox 426 2135 628 2230; x_wconf 46' lang='lat' dir='ltr'><em>§germinet</em></span> <span class='ocrx_word' id='word_1_111' title='bbox 647 2137 855 2202; x_wconf 84' lang='grc' dir='ltr'><em>κοιπίλλειν</em></span> <span class='ocrx_word' id='word_1_112' title='bbox 878 2158 936 2226; x_wconf 85' lang='lat' dir='ltr'><em>pro</em></span> <span class='ocrx_word' id='word_1_113' title='bbox 960 2142 1138 2208; x_wconf 84' lang='grc' dir='ltr'><em>κκσειλεῖν,</em></span> <span class='ocrx_word' id='word_1_114' title='bbox 1163 2146 1195 2198; x_wconf 88' lang='lat' dir='ltr'><em>et</em></span> <span class='ocrx_word' id='word_1_115' title='bbox 1216 2149 1347 2199; x_wconf 90' lang='grc' dir='ltr'><em>συνιλ-</em></span> 
     </span>
     <span class='ocr_line' id='line_1_15' title="bbox 170 2236 1348 2330; baseline 0.001 -29"><span class='ocrx_word' id='word_1_116' title='bbox 170 2236 331 2313; x_wconf 74' lang='grc' dir='ltr'><em>λόμενοιε</em></span> <span class='ocrx_word' id='word_1_117' title='bbox 367 2238 588 2320; x_wconf 71' lang='grc' dir='ltr'><em>συςοεφόμενόν</em></span> <span class='ocrx_word' id='word_1_118' title='bbox 618 2263 677 2330; x_wconf 89' lang='lat' dir='ltr'><em>pro</em></span> <span class='ocrx_word' id='word_1_119' title='bbox 705 2239 931 2317; x_wconf 83' lang='grc' dir='ltr'><em>συνειλόμενοι,</em></span> <span class='ocrx_word' id='word_1_120' title='bbox 968 2248 1000 2301; x_wconf 88' lang='lat' dir='ltr'><em>et</em></span> <span class='ocrx_word' id='word_1_121' title='bbox 1031 2237 1216 2309; x_wconf 77' lang='grc' dir='ltr'><em>συνίλκςε</em></span> <span class='ocrx_word' id='word_1_122' title='bbox 1250 2262 1348 2302; x_wconf 87' lang='grc' dir='ltr'><em>συνει-</em></span> 
     </span>
     <span class='ocr_line' id='line_1_16' title="bbox 172 2335 1350 2433; baseline 0.001 -27"><span class='ocrx_word' id='word_1_123' title='bbox 172 2343 274 2416; x_wconf 76' lang='grc' dir='ltr'><em>λνίσοις</em></span> <span class='ocrx_word' id='word_1_124' title='bbox 306 2365 365 2430; x_wconf 85' lang='lat' dir='ltr'><em>pro</em></span> <span class='ocrx_word' id='word_1_125' title='bbox 399 2343 555 2415; x_wconf 85' lang='grc' dir='ltr'><em>συνείλοις.</em></span> <span class='ocrx_word' id='word_1_126' title='bbox 605 2346 686 2411; x_wconf 78' lang='lat' dir='ltr'>Vera</span> <span class='ocrx_word' id='word_1_127' title='bbox 713 2345 822 2409; x_wconf 80' lang='lat' dir='ltr'>sonna</span> <span class='ocrx_word' id='word_1_128' title='bbox 838 2343 1035 2433; x_wconf 85' lang='lat' dir='ltr'>conspicitur</span> <span class='ocrx_word' id='word_1_129' title='bbox 1055 2343 1193 2406; x_wconf 88' lang='lat' dir='ltr'>nunc-in</span> <span class='ocrx_word' id='word_1_130' title='bbox 1213 2335 1350 2433; x_wconf 85' lang='lat' dir='ltr'>pulchro</span> 
     </span>
     <span class='ocr_line' id='line_1_17' title="bbox 171 2437 922 2542; baseline 0.007 -32"><span class='ocrx_word' id='word_1_131' title='bbox 171 2446 345 2512; x_wconf 77' lang='lat' dir='ltr'>Eunrrrnls</span> <span class='ocrx_word' id='word_1_132' title='bbox 368 2448 492 2513; x_wconf 89' lang='lat' dir='ltr'>senario</span> <span class='ocrx_word' id='word_1_133' title='bbox 516 2449 557 2515; x_wconf 90' lang='lat' dir='ltr'><em>de</em></span> <span class='ocrx_word' id='word_1_134' title='bbox 581 2437 748 2542; x_wconf 58' lang='lat' dir='ltr'><em>sphinges</em></span> <span class='ocrx_word' id='word_1_135' title='bbox 825 2489 828 2495; x_wconf 92' lang='lat'>·</span> <span class='ocrx_word' id='word_1_136' title='bbox 920 2475 922 2482; x_wconf 94' lang='lat'>·</span> 
     </span>
    </p>

    <p class='ocr_par' dir='ltr' id='par_1_9' title="bbox 141 2554 1347 3472">
     <span class='ocr_line' id='line_1_18' title="bbox 407 2554 1178 2635; baseline 0.003 -17"><span class='ocrx_word' id='word_1_137' title='bbox 407 2554 495 2635; x_wconf 83' lang='grc' dir='ltr'><em>οὐοόιν</em></span> <span class='ocrx_word' id='word_1_138' title='bbox 520 2556 651 2622; x_wconf 79' lang='grc' dir='ltr'><em>ὑπίλοισ’</em></span> <span class='ocrx_word' id='word_1_139' title='bbox 675 2558 733 2623; x_wconf 81' lang='grc' dir='ltr'><em>ὑπὸ</em></span> <span class='ocrx_word' id='word_1_140' title='bbox 757 2554 942 2622; x_wconf 75' lang='grc' dir='ltr'><em>λεοντόπουν</em></span> <span class='ocrx_word' id='word_1_141' title='bbox 965 2554 1082 2634; x_wconf 82' lang='grc' dir='ltr'><em>βοόσιν,</em></span> <span class='ocrx_word' id='word_1_142' title='bbox 1174 2586 1178 2591; x_wconf 95' lang='grc'><em>·</em></span> 
     </span>
     <span class='ocr_line' id='line_1_19' title="bbox 168 2656 1347 2738; baseline 0.004 -17"><span class='ocrx_word' id='word_1_143' title='bbox 168 2656 226 2722; x_wconf 91' lang='lat' dir='ltr'><em>ubi</em></span> <span class='ocrx_word' id='word_1_144' title='bbox 254 2657 288 2723; x_wconf 87' lang='lat' dir='ltr'><em>in</em></span> <span class='ocrx_word' id='word_1_145' title='bbox 317 2658 407 2725; x_wconf 88' lang='lat' dir='ltr'>-libris</span> <span class='ocrx_word' id='word_1_146' title='bbox 440 2673 487 2725; x_wconf 88' lang='lat' dir='ltr'><em>est</em></span> <span class='ocrx_word' id='word_1_147' title='bbox 513 2664 689 2738; x_wconf 77' lang='grc' dir='ltr'><em>ὑπήλλοισκ</em></span> <span class='ocrx_word' id='word_1_148' title='bbox 719 2675 752 2728; x_wconf 86' lang='lat' dir='ltr'><em>et</em></span> <span class='ocrx_word' id='word_1_149' title='bbox 773 2664 931 2738; x_wconf 76' lang='grc' dir='ltr'><em>ῦπήλκσῖ,</em></span> <span class='ocrx_word' id='word_1_150' title='bbox 958 2661 1067 2727; x_wconf 74' lang='lat' dir='ltr'>derum</span> <span class='ocrx_word' id='word_1_151' title='bbox 1091 2659 1170 2726; x_wconf 80' lang='lat' dir='ltr'>vidit</span> <span class='ocrx_word' id='word_1_152' title='bbox 1194 2660 1347 2727; x_wconf 68' lang='lat' dir='ltr'>Vatern-</span> 
     </span>
     <span class='ocr_line' id='line_1_20' title="bbox 167 2765 1347 2856; baseline 0.004 -29"><span class='ocrx_word' id='word_1_153' title='bbox 167 2781 288 2829; x_wconf 83' lang='lat' dir='ltr'>nanms</span> <span class='ocrx_word' id='word_1_154' title='bbox 316 2765 350 2829; x_wconf 90' lang='lat' dir='ltr'><em>in</em></span> <span class='ocrx_word' id='word_1_155' title='bbox 379 2765 497 2831; x_wconf 72' lang='grc' dir='ltr'><em>θέσιν.</em></span> <span class='ocrx_word' id='word_1_156' title='bbox 524 2790 554 2856; x_wconf 91' lang='lat' dir='ltr'><em>p.</em></span> <span class='ocrx_word' id='word_1_157' title='bbox 585 2771 657 2833; x_wconf 86' lang='grc'><em>193.</em></span> <span class='ocrx_word' id='word_1_158' title='bbox 685 2773 915 2835; x_wconf 76' lang='lat' dir='ltr'>Anrsrarnanr</span> <span class='ocrx_word' id='word_1_159' title='bbox 933 2768 965 2832; x_wconf 91' lang='lat' dir='ltr'><em>in</em></span> <span class='ocrx_word' id='word_1_160' title='bbox 987 2766 1098 2832; x_wconf 75' lang='lat' dir='ltr'>lienis</span> <span class='ocrx_word' id='word_1_161' title='bbox 1120 2792 1165 2834; x_wconf 85' lang='lat' dir='ltr'><em>rs.</em></span> <span class='ocrx_word' id='word_1_162' title='bbox 1187 2770 1271 2831; x_wconf 83' lang='grc'><strong>1066</strong></span> <span class='ocrx_word' id='word_1_163' title='bbox 1290 2790 1347 2856; x_wconf 89' lang='lat' dir='ltr'><em>pro</em></span> 
     </span>
     <span class='ocr_line' id='line_1_21' title="bbox 166 2868 1347 2957; baseline 0.004 -25"><span class='ocrx_word' id='word_1_164' title='bbox 166 2868 280 2950; x_wconf 77' lang='grc' dir='ltr'><em>ῥοικίοις</em></span> <span class='ocrx_word' id='word_1_165' title='bbox 300 2871 550 2953; x_wconf 81' lang='grc' dir='ltr'><em>περιειλλόμενος</em></span> <span class='ocrx_word' id='word_1_166' title='bbox 574 2873 672 2940; x_wconf 87' lang='lat' dir='ltr'>redde</span> <span class='ocrx_word' id='word_1_167' title='bbox 692 2872 912 2957; x_wconf 85' lang='grc' dir='ltr'><em>περιιλοίμενος</em></span> <span class='ocrx_word' id='word_1_168' title='bbox 933 2898 970 2942; x_wconf 80' lang='lat' dir='ltr'><em>cx</em></span> <span class='ocrx_word' id='word_1_169' title='bbox 987 2876 1108 2942; x_wconf 78' lang='lat' dir='ltr'>Pnoru</span> <span class='ocrx_word' id='word_1_170' title='bbox 1125 2875 1347 2940; x_wconf 84' lang='lat' dir='ltr'>annotatione:</span> 
     </span>
     <span class='ocr_line' id='line_1_22' title="bbox 164 2976 1344 3071; baseline 0.005 -34"><span class='ocrx_word' id='word_1_171' title='bbox 164 2976 484 3056; x_wconf 74' lang='grc' dir='ltr'><em>πεοιειλοίμενοςι</em></span> <span class='ocrx_word' id='word_1_172' title='bbox 519 2980 812 3062; x_wconf 79' lang='grc' dir='ltr'><em>περιειλνσοίμενος,</em></span> <span class='ocrx_word' id='word_1_173' title='bbox 847 2981 934 3071; x_wconf 90' lang='lat' dir='ltr'>quod</span> <span class='ocrx_word' id='word_1_174' title='bbox 964 3005 1001 3048; x_wconf 85' lang='lat' dir='ltr'><em>er</em></span> <span class='ocrx_word' id='word_1_175' title='bbox 1029 2983 1088 3047; x_wconf 87' lang='lat' dir='ltr'>illc</span> <span class='ocrx_word' id='word_1_176' title='bbox 1109 2981 1181 3047; x_wconf 89' lang='lat' dir='ltr'>loco</span> <span class='ocrx_word' id='word_1_177' title='bbox 1204 2992 1344 3046; x_wconf 89' lang='lat' dir='ltr'><strong>sumtum</strong></span> 
     </span>
     <span class='ocr_line' id='line_1_23' title="bbox 164 3085 1344 3158; baseline 0.006 -15"><span class='ocrx_word' id='word_1_178' title='bbox 164 3091 230 3158; x_wconf 86' lang='lat' dir='ltr'>cst,</span> <span class='ocrx_word' id='word_1_179' title='bbox 264 3093 309 3145; x_wconf 84' lang='lat' dir='ltr'><em>ut·</em></span> <span class='ocrx_word' id='word_1_180' title='bbox 329 3097 462 3149; x_wconf 84' lang='lat' dir='ltr'>centena</span> <span class='ocrx_word' id='word_1_181' title='bbox 496 3108 534 3150; x_wconf 84' lang='lat' dir='ltr'><em>er</em></span> <span class='ocrx_word' id='word_1_182' title='bbox 566 3085 800 3154; x_wconf 76' lang='lat' dir='ltr'>Anrsrarnaaa</span> <span class='ocrx_word' id='word_1_183' title='bbox 829 3087 985 3153; x_wconf 81' lang='lat' dir='ltr'>vocabula</span> <span class='ocrx_word' id='word_1_184' title='bbox 1014 3087 1046 3152; x_wconf 91' lang='lat' dir='ltr'><em>in</em></span> <span class='ocrx_word' id='word_1_185' title='bbox 1077 3087 1196 3152; x_wconf 81' lang='lat' dir='ltr'>Pnorrr</span> <span class='ocrx_word' id='word_1_186' title='bbox 1228 3086 1344 3151; x_wconf 84' lang='lat' dir='ltr'>Lerico</span> 
     </span>
     <span class='ocr_line' id='line_1_24' title="bbox 168 3186 1345 3284; baseline 0.002 -32"><span class='ocrx_word' id='word_1_187' title='bbox 168 3186 236 3252; x_wconf 90' lang='lat' dir='ltr'>sine</span> <span class='ocrx_word' id='word_1_188' title='bbox 275 3196 390 3277; x_wconf 72' lang='lat' dir='ltr'>poetae</span> <span class='ocrx_word' id='word_1_189' title='bbox 416 3191 558 3256; x_wconf 66' lang='lat' dir='ltr'><em>‘nomine</em></span> <span class='ocrx_word' id='word_1_190' title='bbox 593 3194 794 3283; x_wconf 82' lang='lat' dir='ltr'>explicantur</span> <span class='ocrx_word' id='word_1_191' title='bbox 826 3216 864 3258; x_wconf 86' lang='lat' dir='ltr'><em>er</em></span> <span class='ocrx_word' id='word_1_192' title='bbox 898 3195 1038 3284; x_wconf 82' lang='lat' dir='ltr'>antiquis</span> <span class='ocrx_word' id='word_1_193' title='bbox 1068 3192 1229 3274; x_wconf 86' lang='lat' dir='ltr'>Scholiis,</span> <span class='ocrx_word' id='word_1_194' title='bbox 1263 3214 1345 3282; x_wconf 87' lang='lat' dir='ltr'>quae</span> 
     </span>
     <span class='ocr_line' id='line_1_25' title="bbox 141 3292 1344 3366; baseline 0.001 -5"><span class='ocrx_word' id='word_1_195' title='bbox 141 3292 274 3361; x_wconf 83' lang='lat' dir='ltr'>nescio</span> <span class='ocrx_word' id='word_1_196' title='bbox 304 3294 388 3358; x_wconf 91' lang='lat' dir='ltr'>unde</span> <span class='ocrx_word' id='word_1_197' title='bbox 421 3296 566 3363; x_wconf 82' lang='lat' dir='ltr'>Prrarrns</span> <span class='ocrx_word' id='word_1_198' title='bbox 599 3312 712 3364; x_wconf 87' lang='lat' dir='ltr'>nactus</span> <span class='ocrx_word' id='word_1_199' title='bbox 744 3312 792 3365; x_wconf 91' lang='lat' dir='ltr'><em>est</em></span> <span class='ocrx_word' id='word_1_200' title='bbox 833 3299 938 3365; x_wconf 88' lang='lat' dir='ltr'><strong>multo</strong></span> <span class='ocrx_word' id='word_1_201' title='bbox 965 3301 1098 3366; x_wconf 89' lang='lat' dir='ltr'>meliora</span> <span class='ocrx_word' id='word_1_202' title='bbox 1129 3301 1252 3365; x_wconf 90' lang='lat' dir='ltr'>nostris.</span> <span class='ocrx_word' id='word_1_203' title='bbox 1307 3299 1344 3362; x_wconf 92' lang='lat' dir='ltr'><em>ln</em></span> 
     </span>
     <span class='ocr_line' id='line_1_26' title="bbox 164 3400 664 3472; baseline 0.016 -8"><span class='ocrx_word' id='word_1_204' title='bbox 164 3400 340 3464; x_wconf 79' lang='lat' dir='ltr'>Euntl‘rnts</span> <span class='ocrx_word' id='word_1_205' title='bbox 365 3401 495 3466; x_wconf 82' lang='lat' dir='ltr'><em>Helena</em></span> <span class='ocrx_word' id='word_1_206' title='bbox 520 3427 561 3469; x_wconf 75' lang='lat' dir='ltr'><em>ve.</em></span> <span class='ocrx_word' id='word_1_207' title='bbox 589 3407 664 3472; x_wconf 79' lang='lat'><strong>452.</strong></span> 
     </span>
    </p>

    <p class='ocr_par' dir='ltr' id='par_1_10' title="bbox 163 3501 1342 3811">
     <span class='ocr_line' id='line_1_27' title="bbox 409 3501 1093 3595; baseline 0.006 -24"><span class='ocrx_word' id='word_1_208' title='bbox 409 3501 431 3570; x_wconf 75' lang='lat' dir='ltr'><em>ri</em></span> <span class='ocrx_word' id='word_1_209' title='bbox 455 3509 499 3585; x_wconf 76' lang='grc' dir='ltr'><em>μίν</em></span> <span class='ocrx_word' id='word_1_210' title='bbox 523 3509 679 3590; x_wconf 76' lang='grc' dir='ltr'><em>προσείλει</em></span> <span class='ocrx_word' id='word_1_211' title='bbox 703 3517 799 3593; x_wconf 74' lang='grc' dir='ltr'><em>χεῖρον</em></span> <span class='ocrx_word' id='word_1_212' title='bbox 822 3511 896 3590; x_wconf 69' lang='grc' dir='ltr'><em>μηδ’</em></span> <span class='ocrx_word' id='word_1_213' title='bbox 921 3510 987 3577; x_wconf 74' lang='lat' dir='ltr'>dist</span> <span class='ocrx_word' id='word_1_214' title='bbox 1010 3510 1093 3595; x_wconf 75' lang='grc' dir='ltr'><em>βίον,</em></span> 
     </span>
     <span class='ocr_line' id='line_1_28' title="bbox 165 3611 1342 3700; baseline 0.005 -26"><span class='ocrx_word' id='word_1_215' title='bbox 165 3611 335 3700; x_wconf 78' lang='lat' dir='ltr'>legendum</span> <span class='ocrx_word' id='word_1_216' title='bbox 367 3613 505 3680; x_wconf 89' lang='lat' dir='ltr'>arbitror</span> <span class='ocrx_word' id='word_1_217' title='bbox 530 3616 574 3693; x_wconf 73' lang='grc' dir='ltr'><em>μίν</em></span> <span class='ocrx_word' id='word_1_218' title='bbox 606 3614 758 3696; x_wconf 80' lang='grc' dir='ltr'><em>πρόσιλλε</em></span> <span class='ocrx_word' id='word_1_219' title='bbox 790 3625 899 3698; x_wconf 81' lang='grc' dir='ltr'><em>χεῖρον.</em></span> <span class='ocrx_word' id='word_1_220' title='bbox 952 3616 1031 3682; x_wconf 85' lang='lat' dir='ltr'>Vide</span> <span class='ocrx_word' id='word_1_221' title='bbox 1057 3618 1284 3684; x_wconf 79' lang='lat' dir='ltr'>Pflttrtttcrwtt</span> <span class='ocrx_word' id='word_1_222' title='bbox 1310 3617 1342 3681; x_wconf 91' lang='lat' dir='ltr'><em>in</em></span> 
     </span>
     <span class='ocr_line' id='line_1_29' title="bbox 163 3715 949 3811; baseline 0.008 -31"><span class='ocrx_word' id='word_1_223' title='bbox 163 3715 316 3783; x_wconf 74' lang='lat' dir='ltr'>Baranam</span> <span class='ocrx_word' id='word_1_224' title='bbox 339 3720 464 3786; x_wconf 73' lang='grc' dir='ltr'><em>Λουσοί.</em></span> <span class='ocrx_word' id='word_1_225' title='bbox 491 3719 515 3786; x_wconf 90' lang='lat'><em>1.</em></span> <span class='ocrx_word' id='word_1_226' title='bbox 541 3745 574 3811; x_wconf 89' lang='lat' dir='ltr'><em>p.</em></span> <span class='ocrx_word' id='word_1_227' title='bbox 604 3723 659 3798; x_wconf 83' lang='lat'><em>19,</em></span> <span class='ocrx_word' id='word_1_228' title='bbox 686 3724 738 3786; x_wconf 78' lang='lat'><em>14.</em></span> <span class='ocrx_word' id='word_1_229' title='bbox 915 3804 917 3808; x_wconf 85' lang='lat'>.</span> <span class='ocrx_word' id='word_1_230' title='bbox 946 3729 949 3735; x_wconf 82' lang='lat'>&#39;</span> 
     </span>
    </p>

    <p class='ocr_par' dir='ltr' id='par_1_11' title="bbox 157 3823 1340 4329">
     <span class='ocr_line' id='line_1_30' title="bbox 212 3823 1339 3917; baseline 0.001 -27"><span class='ocrx_word' id='word_1_231' title='bbox 212 3823 260 3890; x_wconf 79' lang='lat' dir='ltr'><em>Ad</em></span> <span class='ocrx_word' id='word_1_232' title='bbox 285 3848 355 3914; x_wconf 77' lang='lat' dir='ltr'>pag.</span> <span class='ocrx_word' id='word_1_233' title='bbox 376 3830 414 3892; x_wconf 91' lang='grc'><em>91</em></span> <span class='ocrx_word' id='word_1_234' title='bbox 439 3826 523 3892; x_wconf 92' lang='lat' dir='ltr'>addo</span> <span class='ocrx_word' id='word_1_235' title='bbox 543 3826 724 3917; x_wconf 83' lang='lat' dir='ltr'><em>exemplum</em></span> <span class='ocrx_word' id='word_1_236' title='bbox 749 3849 786 3892; x_wconf 88' lang='lat' dir='ltr'><em>ex</em></span> <span class='ocrx_word' id='word_1_237' title='bbox 808 3826 1033 3906; x_wconf 63' lang='lat' dir='ltr'>Phasiacae,</span> <span class='ocrx_word' id='word_1_238' title='bbox 1058 3828 1132 3916; x_wconf 89' lang='lat' dir='ltr'>quia</span> <span class='ocrx_word' id='word_1_239' title='bbox 1155 3827 1244 3892; x_wconf 90' lang='lat' dir='ltr'>loeus</span> <span class='ocrx_word' id='word_1_240' title='bbox 1267 3827 1339 3916; x_wconf 78' lang='lat' dir='ltr'>dig-</span> 
     </span>
     <span class='ocr_line' id='line_1_31' title="bbox 164 3927 1340 4024; baseline 0.006 -33"><span class='ocrx_word' id='word_1_241' title='bbox 164 3927 312 3994; x_wconf 88' lang='lat' dir='ltr'>nissimus</span> <span class='ocrx_word' id='word_1_242' title='bbox 331 3930 417 3997; x_wconf 90' lang='lat' dir='ltr'>lectu</span> <span class='ocrx_word' id='word_1_243' title='bbox 439 3946 501 4013; x_wconf 90' lang='lat' dir='ltr'>est,</span> <span class='ocrx_word' id='word_1_244' title='bbox 524 3957 559 4000; x_wconf 82' lang='lat' dir='ltr'><em>er</em></span> <span class='ocrx_word' id='word_1_245' title='bbox 582 3933 664 3998; x_wconf 86' lang='lat' dir='ltr'>libro</span> <span class='ocrx_word' id='word_1_246' title='bbox 685 3933 727 3998; x_wconf 84' lang='lat' dir='ltr'><em>de</em></span> <span class='ocrx_word' id='word_1_247' title='bbox 747 3932 909 4000; x_wconf 76' lang='lat' dir='ltr'><em>Sollertiae</em></span> <span class='ocrx_word' id='word_1_248' title='bbox 927 3934 1136 4000; x_wconf 75' lang='lat' dir='ltr'><em>Animalr&#39;um</em></span> <span class='ocrx_word' id='word_1_249' title='bbox 1156 3959 1188 4024; x_wconf 88' lang='lat' dir='ltr'><em>p.</em></span> <span class='ocrx_word' id='word_1_250' title='bbox 1210 3937 1286 4000; x_wconf 87' lang='grc'><strong>965.</strong></span> <span class='ocrx_word' id='word_1_251' title='bbox 1308 3955 1340 3998; x_wconf 74' lang='lat' dir='ltr'><em>a,</em></span> 
     </span>
     <span class='ocr_line' id='line_1_32' title="bbox 157 4033 1335 4122; baseline 0.004 -23"><span class='ocrx_word' id='word_1_252' title='bbox 157 4033 334 4113; x_wconf 68' lang='grc' dir='ltr'><em>Κλεομένης</em></span> <span class='ocrx_word' id='word_1_253' title='bbox 369 4036 382 4099; x_wconf 85' lang='grc' dir='ltr'><em>ό</em></span> <span class='ocrx_word' id='word_1_254' title='bbox 417 4039 572 4116; x_wconf 75' lang='grc' dir='ltr'><em>βκσιλεὺς</em></span> <span class='ocrx_word' id='word_1_255' title='bbox 611 4039 698 4122; x_wconf 83' lang='grc' dir='ltr'><em>ποορόι</em></span> <span class='ocrx_word' id='word_1_256' title='bbox 738 4038 832 4104; x_wconf 82' lang='grc' dir='ltr'><em>πόσον</em></span> <span class='ocrx_word' id='word_1_257' title='bbox 866 4041 1098 4118; x_wconf 79' lang='grc' dir='ltr'><em>εὐδοκιμοῦντος</em></span> <span class='ocrx_word' id='word_1_258' title='bbox 1135 4037 1335 4121; x_wconf 70' lang='grc' dir='ltr'><em>ἀκροάματος</em></span> 
     </span>
     <span class='ocr_line' id='line_1_33' title="bbox 159 4138 1333 4222; baseline 0.004 -18"><span class='ocrx_word' id='word_1_259' title='bbox 159 4138 317 4221; x_wconf 79' lang='grc' dir='ltr'><em>ἐριοσκόείς</em></span> <span class='ocrx_word' id='word_1_260' title='bbox 346 4143 372 4207; x_wconf 87' lang='grc' dir='ltr'><em>εί</em></span> <span class='ocrx_word' id='word_1_261' title='bbox 399 4141 443 4219; x_wconf 71' lang='grc' dir='ltr'><em>μίν</em></span> <span class='ocrx_word' id='word_1_262' title='bbox 468 4141 618 4222; x_wconf 81' lang='grc' dir='ltr'><em>Φοίνεποοι</em></span> <span class='ocrx_word' id='word_1_263' title='bbox 647 4145 813 4210; x_wconf 71' lang='grc' dir='ltr'><em>σπουδοιῖον</em></span> <span class='ocrx_word' id='word_1_264' title='bbox 843 4143 1005 4209; x_wconf 80' lang='grc' dir='ltr'><em>ἕκόλευσεν</em></span> <span class='ocrx_word' id='word_1_265' title='bbox 1033 4143 1165 4216; x_wconf 78' lang='grc' dir='ltr'><em>ἐκείνους</em></span> <span class='ocrx_word' id='word_1_266' title='bbox 1186 4154 1333 4218; x_wconf 82' lang='grc' dir='ltr'><em>σκοπεῖν,</em></span> 
     </span>
     <span class='ocr_line' id='line_1_34' title="bbox 158 4245 1333 4329; baseline 0.004 -20"><span class='ocrx_word' id='word_1_267' title='bbox 158 4245 280 4310; x_wconf 82' lang='grc' dir='ltr'><em>νοῦσόν</em></span> <span class='ocrx_word' id='word_1_268' title='bbox 305 4246 367 4327; x_wconf 74' lang='grc' dir='ltr'><em>νόου</em></span> <span class='ocrx_word' id='word_1_269' title='bbox 392 4247 421 4310; x_wconf 84' lang='grc' dir='ltr'><em>ἕν</em></span> <span class='ocrx_word' id='word_1_270' title='bbox 446 4246 668 4326; x_wconf 73' lang='grc' dir='ltr'><em>Πελοποννήσῳ</em></span> <span class='ocrx_word' id='word_1_271' title='bbox 692 4248 745 4312; x_wconf 78' lang='grc' dir='ltr'><em>τόν</em></span> <span class='ocrx_word' id='word_1_272' title='bbox 768 4253 835 4313; x_wconf 91' lang='grc' dir='ltr'><em>νοῦν</em></span> <span class='ocrx_word' id='word_1_273' title='bbox 859 4246 956 4328; x_wconf 83' lang='grc' dir='ltr'><em>ἔχειν.</em></span> <span class='ocrx_word' id='word_1_274' title='bbox 988 4247 1131 4312; x_wconf 79' lang='lat' dir='ltr'>Emenda</span> <span class='ocrx_word' id='word_1_275' title='bbox 1146 4249 1240 4320; x_wconf 80' lang='grc' dir='ltr'><em>νοῦσός</em></span> <span class='ocrx_word' id='word_1_276' title='bbox 1258 4248 1333 4329; x_wconf 73' lang='lat' dir='ltr'><em>yda.</em></span> 
     </span>
    </p>

    <p class='ocr_par' dir='ltr' id='par_1_12' title="bbox 158 4348 1336 4754">
     <span class='ocr_line' id='line_1_35' title="bbox 210 4348 1336 4442; baseline -0.001 -26"><span class='ocrx_word' id='word_1_277' title='bbox 210 4348 256 4416; x_wconf 75' lang='lat' dir='ltr'><em>dd</em></span> <span class='ocrx_word' id='word_1_278' title='bbox 288 4374 321 4440; x_wconf 85' lang='lat' dir='ltr'><em>p.</em></span> <span class='ocrx_word' id='word_1_279' title='bbox 352 4348 411 4416; x_wconf 83' lang='grc' dir='ltr'><strong>ΙΙΙ.</strong></span> <span class='ocrx_word' id='word_1_280' title='bbox 447 4349 548 4423; x_wconf 89' lang='grc' dir='ltr'><em>Μόνος</em></span> <span class='ocrx_word' id='word_1_281' title='bbox 580 4349 695 4414; x_wconf 91' lang='lat' dir='ltr'>eodern</span> <span class='ocrx_word' id='word_1_282' title='bbox 724 4351 822 4415; x_wconf 88' lang='lat' dir='ltr'><em>modo</em></span> <span class='ocrx_word' id='word_1_283' title='bbox 852 4350 1088 4442; x_wconf 86' lang='lat' dir='ltr'>male-irrepsit</span> <span class='ocrx_word' id='word_1_284' title='bbox 1114 4351 1147 4414; x_wconf 91' lang='lat' dir='ltr'><em>in</em></span> <span class='ocrx_word' id='word_1_285' title='bbox 1172 4352 1336 4417; x_wconf 71' lang='lat' dir='ltr'>Psarotrrs</span> 
     </span>
     <span class='ocr_line' id='line_1_36' title="bbox 158 4454 1335 4549; baseline -0.003 -27"><span class='ocrx_word' id='word_1_286' title='bbox 158 4457 232 4522; x_wconf 85' lang='lat' dir='ltr'>libr.</span> <span class='ocrx_word' id='word_1_287' title='bbox 260 4457 297 4522; x_wconf 87' lang='grc' dir='ltr'><em>Χ.</em></span> <span class='ocrx_word' id='word_1_288' title='bbox 323 4458 363 4523; x_wconf 84' lang='lat' dir='ltr'><em>de</em></span> <span class='ocrx_word' id='word_1_289' title='bbox 389 4457 471 4549; x_wconf 79' lang='lat' dir='ltr'>liep.</span> <span class='ocrx_word' id='word_1_290' title='bbox 498 4482 530 4548; x_wconf 86' lang='lat' dir='ltr'><em>p.</em></span> <span class='ocrx_word' id='word_1_291' title='bbox 550 4460 626 4523; x_wconf 78' lang='lat'><strong>604.</strong></span> <span class='ocrx_word' id='word_1_292' title='bbox 646 4474 676 4521; x_wconf 84' lang='grc'><em>1.</em></span> <span class='ocrx_word' id='word_1_293' title='bbox 698 4454 825 4536; x_wconf 80' lang='grc' dir='ltr'><em>πότερον</em></span> <span class='ocrx_word' id='word_1_294' title='bbox 850 4457 975 4533; x_wconf 70' lang='grc' dir='ltr'><em>μᾶλλον</em></span> <span class='ocrx_word' id='word_1_295' title='bbox 994 4456 1087 4520; x_wconf 80' lang='grc' dir='ltr'><em>νοῦσόν</em></span> <span class='ocrx_word' id='word_1_296' title='bbox 1111 4455 1165 4521; x_wconf 85' lang='grc' dir='ltr'><em>οίει</em></span> <span class='ocrx_word' id='word_1_297' title='bbox 1190 4466 1229 4539; x_wconf 68' lang='grc' dir='ltr'><em>τῇ</em></span> <span class='ocrx_word' id='word_1_298' title='bbox 1249 4457 1335 4538; x_wconf 65' lang='grc' dir='ltr'><em>λύπῃ</em></span> 
     </span>
     <span class='ocr_line' id='line_1_37' title="bbox 158 4556 1334 4643; baseline -0.004 -16"><span class='ocrx_word' id='word_1_299' title='bbox 158 4562 338 4643; x_wconf 76' lang='grc' dir='ltr'><em>μοιχεῖσόοοί</em></span> <span class='ocrx_word' id='word_1_300' title='bbox 362 4587 397 4628; x_wconf 84' lang='grc' dir='ltr'><em>σε</em></span> <span class='ocrx_word' id='word_1_301' title='bbox 422 4564 475 4628; x_wconf 78' lang='grc' dir='ltr'><em>κοοί</em></span> <span class='ocrx_word' id='word_1_302' title='bbox 498 4565 668 4628; x_wconf 82' lang='grc' dir='ltr'><em>οίνπιπενεῖν</em></span> <span class='ocrx_word' id='word_1_303' title='bbox 692 4557 767 4626; x_wconf 85' lang='grc' dir='ltr'><em>όποον</em></span> <span class='ocrx_word' id='word_1_304' title='bbox 788 4559 897 4640; x_wconf 78' lang='grc' dir='ltr'><em>όοῦσοοι</em></span> <span class='ocrx_word' id='word_1_305' title='bbox 921 4560 979 4624; x_wconf 83' lang='grc' dir='ltr'><em>ὑπὸ</em></span> <span class='ocrx_word' id='word_1_306' title='bbox 1004 4564 1063 4624; x_wconf 86' lang='grc' dir='ltr'><em>σῦν</em></span> <span class='ocrx_word' id='word_1_307' title='bbox 1085 4560 1193 4637; x_wconf 80' lang='grc' dir='ltr'><em>ὁμοίιον</em></span> <span class='ocrx_word' id='word_1_308' title='bbox 1217 4560 1234 4634; x_wconf 78' lang='grc' dir='ltr'>ἢ</span> <span class='ocrx_word' id='word_1_309' title='bbox 1258 4556 1334 4622; x_wconf 81' lang='grc' dir='ltr'><em>ῦσοιν</em></span> 
     </span>
     <span class='ocr_line' id='line_1_38' title="bbox 158 4663 1332 4754; baseline -0.003 -23"><span class='ocrx_word' id='word_1_310' title='bbox 158 4668 189 4731; x_wconf 83' lang='grc' dir='ltr'><em>ἕν</em></span> <span class='ocrx_word' id='word_1_311' title='bbox 219 4664 332 4748; x_wconf 76' lang='grc' dir='ltr'><em>ἕρνμίοι</em></span> <span class='ocrx_word' id='word_1_312' title='bbox 369 4664 485 4754; x_wconf 89' lang='grc' dir='ltr'><em>[μόνος]</em></span> <span class='ocrx_word' id='word_1_313' title='bbox 525 4667 619 4738; x_wconf 84' lang='grc' dir='ltr'><em>νοῦσός</em></span> <span class='ocrx_word' id='word_1_314' title='bbox 657 4667 727 4730; x_wconf 66' lang='grc' dir='ltr'><em>κοιό*</em></span> <span class='ocrx_word' id='word_1_315' title='bbox 763 4663 857 4728; x_wconf 83' lang='grc' dir='ltr'><em>οιὺπὸν</em></span> <span class='ocrx_word' id='word_1_316' title='bbox 887 4663 1061 4742; x_wconf 57' lang='lat' dir='ltr'>ainana-su</span> <span class='ocrx_word' id='word_1_317' title='bbox 1093 4664 1150 4728; x_wconf 91' lang='lat' dir='ltr'><em>ubi</em></span> <span class='ocrx_word' id='word_1_318' title='bbox 1171 4663 1224 4728; x_wconf 92' lang='lat' dir='ltr'>alii</span> <span class='ocrx_word' id='word_1_319' title='bbox 1242 4663 1332 4741; x_wconf 79' lang='grc' dir='ltr'><em>μόῦος</em></span> 
     </span>
    </p>
   </div>
   <div class='ocr_carea' id='block_1_3' title="bbox 157 4764 1399 4924">
    <p class='ocr_par' dir='ltr' id='par_1_13' title="bbox 157 4764 1399 4924">
     <span class='ocr_line' id='line_1_39' title="bbox 157 4764 1399 4858; baseline -0.002 -24"><span class='ocrx_word' id='word_1_320' title='bbox 157 4768 271 4847; x_wconf 82' lang='grc' dir='ltr'><em>νοῦ-τός,</em></span> <span class='ocrx_word' id='word_1_321' title='bbox 290 4764 348 4835; x_wconf 81' lang='lat' dir='ltr'>&#39;alii</span> <span class='ocrx_word' id='word_1_322' title='bbox 376 4772 469 4843; x_wconf 79' lang='grc' dir='ltr'><em>νοῦσός</em></span> <span class='ocrx_word' id='word_1_323' title='bbox 493 4769 582 4851; x_wconf 90' lang='grc' dir='ltr'><em>μόνος</em></span> <span class='ocrx_word' id='word_1_324' title='bbox 604 4769 773 4849; x_wconf 77' lang='lat' dir='ltr'>exhibeat,</span> <span class='ocrx_word' id='word_1_325' title='bbox 797 4790 862 4858; x_wconf 91' lang='lat' dir='ltr'><em>quo</em></span> <span class='ocrx_word' id='word_1_326' title='bbox 883 4791 968 4835; x_wconf 88' lang='lat' dir='ltr'>noro</span> <span class='ocrx_word' id='word_1_327' title='bbox 987 4768 1108 4833; x_wconf 86' lang='lat' dir='ltr'>indicio</span> <span class='ocrx_word' id='word_1_328' title='bbox 1127 4768 1213 4833; x_wconf 87' lang='lat' dir='ltr'>fraus</span> <span class='ocrx_word' id='word_1_329' title='bbox 1234 4779 1332 4858; x_wconf 86' lang='lat' dir='ltr'>patet.</span> <span class='ocrx_word' id='word_1_330' title='bbox 1395 4808 1399 4817; x_wconf 84' lang='lat'><em>-</em></span> 
     </span>
     <span class='ocr_line' id='line_1_40' title="bbox 1101 4883 1131 4924; baseline -0.133 0"><span class='ocrx_word' id='word_1_331' title='bbox 1101 4883 1131 4924; x_wconf 79' lang='grc'><em>26</em></span> 
     </span>
    </p>
   </div>
   <div class='ocr_carea' id='block_1_4' title="bbox 0 0 1660 5750">
    <p class='ocr_par' dir='ltr' id='par_1_14' title="bbox 0 0 1660 5750">
     <span class='ocr_line' id='line_1_41' title="bbox 0 0 1660 5750; baseline 0 5"><span class='ocrx_word' id='word_1_332' title='bbox 0 0 1660 5750; x_wconf 95' lang='lat' dir='ltr'><em> </em></span> 
     </span>
    </p>
   </div>
  </div>
 </body>
</html>
