3309 5750
795 628 858 698 tos

240 829 337 895 luisse
357 828 552 920 appellatam
570 821 660 893 docti
680 826 826 892 homines
843 824 1045 915 suspicantur
1060 823 1160 913 magis
1179 846 1276 914 qnam
1298 824 1414 891 sciunt.

240 935 314 1000 Non
339 958 483 1025 premam
511 934 744 1024 suspicionem,
778 929 961 1022 quaemihi
981 929 1113 1019 quidem
1141 932 1215 996 satis
1239 930 1415 1021 probabilis

239 1041 303 1106 risa
321 1052 382 1119 est,
401 1063 466 1105 non
477 1039 677 1117 Λιβανίτιδος
699 1036 753 1102 sed
766 1037 940 1107 Ἀναίτιδος
961 1035 1038 1100 olirn
1057 1036 1209 1126 scriptum
1223 1036 1336 1115 luisse,
1357 1058 1414 1101 cn·

238 1145 288 1210 ius
316 1168 436 1211 numen
459 1156 523 1210 tota
548 1144 617 1208 dsia
638 1142 883 1209 sacratissimum
909 1141 1005 1207 fuisse
1026 1144 1203 1208 multorum
1226 1143 1415 1208 testimoniis

239 1264 372 1318 constat.
426 1250 601 1318 (dolebatur
629 1273 646 1316 a
679 1250 799 1328 Medis,
834 1248 949 1326 Persis,
984 1250 1143 1330 Armcuis,
1173 1248 1287 1337 Lydis,
1317 1246 1416 1335 Syris.

239 1358 312 1423 ride
341 1357 545 1423 Srunttotttttt
571 1355 682 1420 multis
710 1355 789 1420 locis
819 1353 871 1421 XI.
891 1377 922 1443 p.
947 1358 1064 1419 5122et
1087 1361 1166 1433 532,
1191 1353 1262 1421 XII.
1284 1378 1315 1443 p.
1338 1356 1416 1419 559.

240 1463 309 1529 XV.
328 1487 359 1554 p.
381 1468 456 1528 733.
504 1461 543 1526 In
564 1462 761 1526 Ptnrnttcut
781 1463 978 1527 Artaxerxe
996 1480 1065 1550 cap.
1086 1464 1138 1525 27.
1168 1459 1243 1524 libri
1264 1458 1416 1524 exhibent
1452 1528 1459 1537 .

242 1570 424 1648 Ἀρτέμιδος
449 1575 505 1642 τής
533 1570 562 1633 ἐν
586 1565 812 1645 Ἐκβατάνοις,
838 1564 872 1640 ήν
897 1568 1031 1631 Ἀνείτιν
1055 1570 1204 1639 καλοῦσι,
1233 1577 1320 1630 recte
1341 1563 1417 1630 Sitt-

242 1690 337 1737 rnurs
353 1662 512 1746 Ἀναίτιν,
547 1671 645 1761 paulo
666 1661 782 1737 rectius
801 1654 940 1738 Ἀναῗτιν
972 1670 1103 1739 scribes.
1156 1668 1347 1736 Suarissime
1376 1669 1417 1735 de

241 1800 277 1842 ea
297 1776 363 1841 Dea
384 1776 493 1841 scribit
512 1778 648 1842 Ptttttus
672 1779 714 1844 H.
737 1778 781 1843 Ν.
803 1774 955 1842 XXXIII.
979 1781 1032 1841 24.
1058 1797 1153 1864 quem
1177 1798 1241 1840 non
1262 1775 1419 1866 gravabor

237 1880 432 1959 describere,
453 1882 527 1971 quia
547 1883 704 1949 refutatas
724 1882 960 1972 superstitionis
978 1881 1102 1971 insigne
1122 1883 1304 1973 exemplum
1323 1905 1419 1947 num·

238 2009 335 2077 quarn
356 1997 403 2051 est
419 1984 543 2051 inutile.
568 1988 686 2053 Aurea
702 1996 820 2053 statua
842 1989 893 2074 (ex
912 1987 1016 2053 solido
1032 1988 1123 2076 auro)
1136 1986 1417 2078 primoomnium

237 2096 274 2157 in
306 2093 425 2181 templo
451 2090 631 2158 Aneitidz's
645 2079 776 2183 posito
788 2095 919 2158 dicitnr
938 2100 1073 2159 numine
1090 2098 1244 2185 gentibus
1266 2099 1339 2161 illis
1359 2120 1418 2160 sa·

237 2202 441 2263 cratissimo.
475 2197 624 2287 Direpta
656 2207 706 2263 est
732 2200 880 2265 Antonii
904 2201 1083 2265 Parthicis
1113 2204 1210 2266 rebus
1234 2207 1419 2290 scitumque

237 2312 409 2369 narratur
429 2304 552 2368 dictum
577 2307 675 2368 nnius
692 2314 925 2370 veteranorum
947 2306 1136 2386 Bononios,
1157 2310 1322 2397 hospitali
1337 2308 1421 2373 Divi

238 2412 391 2501 Augusti
406 2433 521 2487 coena,
539 2434 639 2498 quum
654 2416 927 2500 interrogaretur
946 2421 1074 2476 essetne
1094 2435 1222 2491 rernm,
1245 2437 1336 2493 eum,
1359 2417 1421 2502 qni

232 2521 370 2608 primus
390 2518 551 2580 violasset
569 2518 629 2581 hoc
647 2539 780 2595 numen,
799 2518 904 2581 oculis
923 2517 1139 2603 membrisque
1153 2527 1286 2606 captum
1303 2522 1419 2608 exspi-

238 2646 348 2689 rasse.
387 2622 575 2712 Respondit
597 2627 684 2686 enim
704 2631 771 2686 tum
796 2627 940 2687 maxime
959 2621 1148 2711 Angustum
1170 2625 1211 2688 ds
1230 2647 1329 2689 crure
1345 2628 1418 2688 eriis

225 2734 380 2794 ‘coenare
408 2749 508 2814 seque
533 2727 626 2790 illum
646 2750 718 2792 esse
738 2736 905 2817 totumque
923 2729 990 2792 sibi
1008 2750 1139 2794 sensnm
1158 2753 1201 2794 σα
1219 2754 1259 2795 ea
1278 2734 1417 2820 rapina.

241 2833 291 2901 Ne
322 2829 392 2899 eain
419 2834 452 2898 in
486 2831 575 2921 Syria
606 2833 725 2900 cultam
757 2856 823 2899 esse
853 2833 974 2901 nescias
1004 2833 1188 2902 Pnssnrttss
1215 2835 1417 2927 providebit,

244 2962 342 3033 quem
362 2939 435 3005 ride
460 2937 517 3004 III.
543 2943 593 3005 16.
640 2939 700 3004 Per
729 2939 823 3005 buius
849 2939 947 3029 igitur
972 2940 1155 3006 notissimae
1186 2941 1270 3007 Deae
1297 2964 1419 3010 numen

237 3046 406 3112 'hominem
431 3043 601 3111 Luctnttos
625 3047 805 3112 obsecrasse
831 3046 965 3114 ridetur.

289 3144 327 3218 Iit
351 3156 369 3238 §
392 3157 420 3219 4.
441 3153 564 3242 corrige
593 3153 766 3235 διέπεμψε,
790 3157 1000 3233 transmisit,
1019 3176 1078 3243 pro
1098 3153 1278 3236 ἐξέπεμψε,
1303 3149 1420 3221 deinde

242 3257 479 3337 ὑποβαλόμενος
510 3270 542 3322 et
570 3257 818 3339 περιβαλόμενος
848 3272 880 3324 et
907 3264 1013 3340 χρυσοῖ
1038 3281 1098 3348 pro
1124 3261 1259 3340 χρύσεα.
1296 3272 1365 3325 tum
1385 3259 1420 3323 in

244 3366 263 3448 §
289 3368 320 3430 5.
343 3365 430 3428 πιθοῦ
451 3385 510 3452 pro
537 3361 640 3426 πείθου
667 3371 698 3425 et
719 3364 736 3446 §
757 3365 789 3427 6.
813 3365 871 3428 ὑπὸ
892 3362 998 3444 κρύους
1023 3387 1082 3452 pro
1102 3366 1166 3428 οίπὸ
1189 3366 1306 3444 κρύους.
1351 3368 1368 3450 S
1389 3368 1421 3429 7.

245 3469 290 3547 μή
312 3467 441 3550 ἐξέταζε
460 3490 519 3557 pro
539 3465 708 3548 ε’ξετοίζειν.
744 3470 761 3552 S
783 3471 813 3533 8.
837 3468 878 3532 τίς
898 3470 955 3546 μὲν
976 3464 1025 3532 οὖν
1044 3476 1100 3542 τής
1121 3476 1244 3546 γυμνῆς
1262 3470 1419 3547 οίγοννίας,

243 3572 368 3662 corrige
388 3581 553 3652 γυμνικής.
591 3575 609 3657 §
632 3575 682 3638 12.
707 3574 780 3654 πρὸς
800 3572 899 3655 ἔροντα
918 3575 1145 3651 -ἐμπεσεῖν,
1172 3573 1243 3663 Iege
1263 3576 1306 3646 είς
1322 3573 1422 3655 ἔρωτα

246 3690 278 3746 ct
309 3700 382 3745 mox
412 3681 472 3759 οὐχ
496 3681 513 3754 ή
537 3678 617 3759 λύρα
642 3678 799 3754 θέλγουσα
820 3671 871 3751 ήν,
903 3677 968 3741 imo
992 3699 1066 3741 sero
1087 3678 1104 3751 ή
1125 3676 1292 3754 θέλγουσα.
1329 3681 1422 3763 §13.

244 3785 301 3859 τήν
335 3786 526 3859 Ἐπικτήτου
558 3783 672 3866 σοφίαν
699 3781 770 3863 ίναρ
803 3784 1022 3866 ε’πιςήσεσίαι,
1057 3782 1139 3847 bene
1167 3782 1285 3848 dicitur
1315 3785 1422 3876 ipsum

246 3887 318 3968 ίναρ
345 3889 504 3962 ἐπιςήναι,
539 3911 605 3953 non
625 3888 702 3952 item
723 3887 748 3952 si
772 3887 851 3977 quid
873 3887 950 3953 boni
975 3889 1071 3953 alicui
1091 3888 1221 3954 obvenit
1239 3889 1422 3958 dormienti.

248 3991 396 4082 Legerim
422 3995 662 4070 ἐπιπτήσεσθαι.
699 3997 716 4079 §
742 4000 791 4060 14.
823 3996 859 4060 τὸ
888 3997 1047 4075 κειμήλιον
1072 4000 1162 4060 τοῦτο
1191 3996 1364 4072 δείκνυσιν,Ι
1383 4000 1422 4070 ὡς

245 4102 414 4178 Τεγεᾶται
434 4104 487 4163 τοῦ
515 4099 709 4164 Καλυδωνίου
735 4101 770 4164 τὸ
796 4100 906 4180 δέρμα.
956 4099 1180 4191 Supplendum
1201 4107 1255 4166 τοῦ
1274 4104 1423 4168 Καλυδω-

244 4195 309 4270 νίου
334 4205 394 4276 ὑὸς
418 4207 453 4270 τὸ
479 4207 586 4287 δέρμα.
622 4205 694 4271 Non
715 4207 809 4271 aliter
829 4207 915 4271 enim
936 4207 1087 4272 dicebant
1108 4230 1204 4296 quam
1226 4208 1239 4270 i
1261 4209 1291 4271 ἐν
1316 4217 1423 4272 Καλυ-

248 4309 317 4374 δῶνι
341 4303 395 4382 ὗς,
421 4310 507 4374 relo‘
534 4312 724 4382 Καλυδώνιος
747 4307 792 4383 ὗς.
826 4309 874 4374 De
899 4311 1009 4376 multis
1028 4312 1160 4376 testibus
1180 4311 1324 4402 produco
1345 4334 1424 4377 ocn-

249 4412 352 4478 latum
381 4437 501 4494 unum,
534 4415 741 4493 Prusstttsn,
771 4416 828 4505 qui
852 4438 885 4480 se
907 4415 1029 4501 Tegeae
1048 4417 1162 4481 vidisse
1183 4416 1292 4482 scribit
1322 4416 1425 4504 (titt.

251 4521 305 4597 47,
324 4523 369 4604 2.)
394 4521 428 4584 τὸ
452 4522 549 4601 δέρμα
571 4523 619 4594 ὑὸς
637 4527 691 4586 τοῦ
716 4521 922 4586 Καλυδωνίου.
950 4523 1112 4597 διεσήπετο
1136 4525 1167 4588 δὲ
1190 4525 1248 4587 ὑπὸ
1275 4528 1328 4586 τοῦ
1349 4520 1424 4601 χρί-

250 4646 318 4698 νου,
342 4624 465 4714 inquit,
488 4624 541 4690 καί
567 4625 597 4697 ἐς
621 4622 709 4695 ίίπαν
732 4618 765 4698 ήν
791 4630 905 4711 τριχῶν
927 4625 982 4702 ήδη
1005 4626 1109 4707 ψιλήν.
1141 4627 1236 4692 facile
1256 4623 1425 4690 credImus.

215 4727 219 4730 ’
244 4728 391 4799 -Facilius
413 4731 509 4798 etiam
528 4726 562 4804 ὗς
583 4732 725 4798 revocari
745 4744 879 4824 possunt
894 4731 980 4825 apud
998 4734 1222 4804 Possumus
1237 4733 1279 4800 de
1292 4730 1427 4800 Aonie.
