3309 5750
808 638 873 701 237

240 835 256 892 .’
293 829 331 899 ln
357 829 443 898 libro
460 830 503 896 de
524 830 704 917 samfiee'ie
728 833 788 909 13,
812 837 844 897 s.
867 831 882 895 ύ
907 834 984 905 Ζεύς
1005 835 1141 909 κλαπεὶς
1166 837 1223 903 ὑπὸ
1248 844 1304 912 τνῖς
1332 837 1420 911 Ῥέας

248 940 331 1029 lege.
356 937 527 1010 ἐκκλαπεύς
564 948 596 1002 et
634 934 740 1001 statim
773 938 817 1009 εἷς
847 937 890 1001 τοὶ
918 939 1087 1020 οῖΦροδίσνα
1125 943 1333 1023 ἐκκεχυμένος
1362 966 1421 1033 pro

241 1044 427 1127 κεχυμένος.
479 1042 514 1108 ln
543 1046 561 1129 §
587 1047 636 1107 12.
656 1066 714 1132 pro
737 1044 880 1124 φιλήσας
903 1042 994 1119 μόνον
1014 1046 1070 1119 τὴν
1097 1046 1192 1111 αὑτοῦ
1213 1046 1338 1124 δεξνοέν,
1361 1072 1421 1138 op·

245 1152 317 1218 timi
347 1146 473 1216 codices
498 1150 607 1221 σείσας
629 1148 806 1226 dederunt,
829 1147 862 1211 in
883 1166 948 1238 quo
967 1148 1066 1223 κύσας
1087 1149 1186 1217 latere
1205 1154 1362 1244 suspicor,
1383 1167 1418 1220 ut

244 1263 307 1337 33,
334 1260 384 1321 17.
411 1257 466 1329 τὴν
495 1262 592 1335 χεῖρα
618 1255 771 1326 κύσαντες
798 1255 960 1332 ἡγούμεθα
986 1256 1096 1330 ε’ντελνῖ
1124 1254 1283 1333 εἶναιτὴν
1308 1262 1421 1339 εὐχήν.

240 1364 276 1428 in
306 1368 324 1451 §
356 1364 407 1426 11.
439 1359 509 1439 πρὶν
538 1358 556 1433 ἢ
587 1359 643 1437 πρὸ
672 1360 746 1422 ἐτοῖν
771 1358 896 1439 μυρίαν.
946 1359 1037 1426 Unus
1064 1359 1101 1426 A.
1129 1364 1302 1440 πλεῖονῆ,
1328 1364 1417 1453 quod

240 1477 417 1556 receptum.
464 1462 563 1527 Periit
580 1484 666 1527 sera
694 1461 791 1528 lectio
821 1473 913 1529 πλεῖν
941 1465 979 1540 ἥ,
1005 1488 1103 1553 qnam
1125 1467 1247 1533 scribae
1271 1469 1415 1535 omnium

241 1572 397 1637 librorum
431 1579 497 1633 tam
532 1566 644 1632 sedulo
676 1569 846 1634 obscurare
875 1567 979 1633 solent
1010 1582 1045 1634 nt
1073 1585 1297 1663 praeterquam
1328 1576 1414 1665 apud

241 1676 391 1744 Comicus
421 1674 455 1738 in
486 1674 665 1739 Atticorum
694 1674 819 1765 scriptis
848 1696 935 1737 unus
963 1683 1087 1739 tantum
1112 1679 1249 1766 supersit
1271 1678 1362 1745 locus
1382 1683 1415 1746 in

238 1806 304 1849 υννο
324 1771 454 1857 codice,
478 1779 534 1843 ubi
556 1779 658 1844 forma
678 1789 770 1845 πλεῖν
790 1779 962 1845 incolumis
978 1803 1014 1846 er
1035 1795 1251 1849 correctorum
1266 1786 1414 1854 manibus

238 1886 344 1977 elapsa
365 1885 413 1951 sit.
438 1882 569 1969 Legitur
583 1883 616 1948 in
635 1882 868 1949 nnnurmsrs
889 1883 1031 1951 oratione
1049 1887 1090 1950 de
1107 1886 1216 1952 ffalsa
1233 1888 1414 1980 legatione

238 2015 271 2084 p.
302 1994 387 2069 413,
420 1992 465 2067 2.‚
491 1988 549 2051 ubi
576 1988 609 2053 in
642 1988 789 2055 omnibus
816 2004 864 2056 est
891 1992 984 2055 πλέον
1014 1991 1032 2067 ἢ
1058 1993 1181 2072 μυρίους
1202 1993 1337 2068 ύπλῖτας
1359 2010 1414 2063 aut

238 2096 365 2167 πλείους
386 2094 419 2174 d,
439 2115 520 2159 nnus
540 2094 683 2159 omnium
705 2095 846 2185 optimus
860 2095 1049 2162 Parisinus
1067 2094 1099 2161 S.
1117 2099 1253 2163 serravit
1269 2110 1362 2166 πλεῖν
1379 2104 1412 2181 ἢ,

237 2224 323 2293 quae
342 2200 408 2265 sola
429 2200 534 2266 Attica
552 2213 599 2265 est
622 2201 742 2279 dictio,
765 2214 801 2266 ut
820 2210 913 2266 πλεῖν
932 2202 949 2277 ἢ
971 2202 1123 2283 τριάκονθ’
1145 2204 1262 2284 ἡμέρας
1285 2204 1336 2270 vel
1357 2208 1411 2272 κα1

238 2312 331 2372 τούτο
360 2313 452 2370 πλεῖν
482 2306 499 2381 ἢ
526 2305 638 2387 μυρίαν
666 2306 711 2375 ἔτ’
735 2305 821 2383 ούξνον
842 2307 982 2385 σατύρων
1003 2318 1036 2371 et
1057 2307 1253 2398 ubicumque
1273 2324 1412 2378 metrum

239 2409 361 2477 scribas
388 2407 567 2474 coercebat.
614 2409 651 2474 ln
673 2411 775 2475 soluta
798 2409 942 2475 oratione
961 2410 1082 2477 formae
1101 2415 1251 2504 antiquae
1271 2415 1412 2483 indixere

237 2515 362 2583 bellum
391 2525 423 2579 et
452 2515 573 2602 ubique,
598 2515 709 2594 πλέον,
739 2524 870 2589 πλεῖον,
900 2515 1044 2589 πλείους,
1069 2519 1167 2582 πλείου
1188 2519 1218 2583 ei
1238 2519 1414 2588 substitue-

237 2627 332 2699 runt,
357 2632 392 2686 nt
411 2619 565 2685 sexcentis
584 2621 700 2709 passim
721 2621 799 2686 locis
817 2625 910 2683 πλεῖν
935 2618 952 2692 ἦ
975 2617 1014 2683 sit
1032 2620 1124 2685 nobis
1143 2623 1183 2687 ab
1204 2623 1299 2690 exilio
1319 2649 1414 2693 revo-

238 2728 389 2796 candum.
438 2724 570 2815 Signum
593 2726 721 2792 sustulit
739 2727 944 2791 nrrnoarms
960 2724 994 2790 in
1014 2725 1249 2810 llunosrunnu,
1268 2731 1321 2796 cni
1340 2732 1416 2799 red·

240 2833 324 2901 didit
350 2857 381 2923 p.
412 2836 495 2911 503,
523 2839 573 2901 18.
598 2842 690 2900 πλεῖν
715 2832 731 2910 ἢ
762 2830 855 2908 ύπαξ
884 2834 969 2910 570,
995 2833 1047 2898 16.
1073 2827 1166 2898 πλεῖν
1192 2834 1209 2912 ἢ
1239 2836 1334 2903 πέντε
1354 2838 1414 2905 τούὁ

238 2956 355 3006 λαντα.
386 2941 471 3018 657,
504 2942 555 3005 10.
585 2931 677 3003 πλεῖν
708 2939 724 3015 ἢ
752 2933 917 3018 τρνακύσνα
945 2935 1096 3002 τύλαντα
1120 2941 1201 3020 669,
1226 2944 1257 3007 6.
1283 2945 1412 3021 πλεῖνῆ

237 3043 310 3126 epis
335 3041 388 3119 ἔτη
415 3043 523 3130 (scrib.
546 3041 604 3123 τρί’
628 3040 699 3129 lun)
724 3044 809 3118 744,
836 3042 887 3105 13.
907 3041 937 3104 ἕν
963 3049 1056 3106 πλεῖν
1083 3042 1100 3118 ἢ
1128 3045 1290 3119 διακοσίους
1313 3045 1415 3114 ἔτεσιν

238 3153 385 3228 816,13.
405 3147 632 3223 assisiensis
649 3154 730 3224 μναῖ
749 3148 831 3220 823;
843 3149 872 3209 9.
892 3152 984 3209 πλεῖν
1002 3145 1019 3220 ἢ
1039 3149 1243 3222 πεντήκοντα.
1262 3156 1415 3231 841,15.

238 3262 333 3321 πλεῖν
357 3253 374 3329 ἢ
396 3252 483 3317 δέκα.
514 3253 615 3329 1011,
635 3255 688 3316 22.
708 3259 800 3315 πλεῖν
822 3249 839 3324 ἢ
862 3247 973 3312 ἑκατύν
999 3251 1102 3329 1033,
1123 3255 1172 3316 17.
1189 3263 1281 3319 πλεῖν
1297 3257 1313 3330 ἢ
1330 3256 1414 3321 πένθ’

238 3357 369 3437 ἡμέρας.
398 3358 567 3434 1036,17.
590 3363 682 3419 πλεῖν
698 3356 715 3430 ἢ
731 3353 863 3434 χιλίας,
890 3355 988 3428 1073,
1001 3356 1053 3419 27.
1071 3364 1163 3420 πλεῖν
1180 3356 1196 3431 ἢ
1211 3357 1317 3436 χίλια.
1351 3359 1415 3423 Ea·

238 3463 313 3528 dem
339 3483 434 3551 opera
455 3461 572 3525 caeteri
592 3459 755 3537 Oratores,
778 3454 945 3534 llistorici,
966 3456 1079 3522 Prrro
1101 3459 1281 3548 caeterique
1302 3483 1414 3528 emen·

238 3567 337 3635 dandi
355 3580 439 3633 snut.
464 3566 609 3632 inlibris
627 3564 707 3630 nibil
723 3585 853 3655 prorsus
868 3573 915 3627 est
931 3563 1094 3652 praesidii:
1112 3564 1196 3653 apud
1218 3561 1414 3634 llnnosrntt·

239 3693 307 3742 nun
332 3697 443 3739 omnes
470 3686 671 3750 constanter,
697 3668 811 3761 optimi
830 3667 975 3760 pessimi,
996 3669 1109 3748 πλέον,
1134 3678 1261 3752 πλεῖον,
1287 3674 1413 3750 πλείους

239 3780 423 3872 praeferunt
439 3781 495 3845 ubi
506 3788 598 3845 πλεῖν
610 3779 767 3854 etcertum
779 3787 835 3841 est.
859 3773 888 3838 Ν
891 3772 948 3838 11ιί1
962 3773 1049 3839 iuvat
1059 3771 1232 3840 lsocnffls
1248 3777 1414 3861 Urbinas,

208 3970 212 3979 Ι
238 3897 485 3975 autpervetnsta
496 3885 706 3950 Tnucrntnrs
717 3880 919 3971 exemplaria,
929 3893 984 3944 aut
992 3878 1210 3959 Pteronrs,in
1223 3884 1413 3972 quoimma·

240 4012 316 4056 nem
333 3990 556 4055 soloecismum
571 3989 706 4060 nimium
723 3987 884 4078 patienter
899 3984 1087 4053 tuleruntin
1098 3986 1282 4055 Menexeno
1292 4014 1321 4080 p.
1338 3995 1413 4060 235.
1432 4019 1434 4023 ·

243 4097 279 4162 Β.
308 4094 363 4159 καί
388 4117 439 4172 μον
469 4092 549 4168 αὕτη
579 4096 595 4168 ἡ
625 4092 777 4171 σεμνύτνς
805 4090 980 4172 παραμένει
1010 4091 1126 4171 ἡμέρας
1153 4094 1250 4158 πλείω
1276 4096 1294 4170 ἢ
1320 4106 1413 4178 τρεῖς.

242 4201 300 4266 ubi
321 4198 455 4264 mirifica
477 4195 732 4263 Srrnnnrunrns
754 4194 913 4272 admovit,
936 4193 969 4257 in
991 4192 1039 4260 his
1059 4218 1076 4259 e
1096 4194 1247 4263 Drooono
1269 4197 1414 4283 Srcuno,

239 4304 492 4398 praeclarissimo
520 4302 587 4368 scil.
634 4300 820 4366 Graecitatis
847 4311 978 4364 auctore
1007 4312 1037 4364 et
1061 4294 1415 4383 1οοίε,·οὲποβεβλνκὼς

240 4416 300 4478 τῶν
323 4415 500 4492 ςρατνοντοῖν
519 4407 617 4473 πλείω
638 4411 696 4472 τῶν
717 4407 848 4486 χνλ1ων,
874 4427 975 4495 quum
993 4405 1112 4471 milites
1130 4409 1274 4474 neutrius
1293 4415 1416 4499 generis

238 4533 306 4583 esse
333 4516 508 4606 incipient,
542 4526 670 4605 tempus
697 4511 757 4577 erit
784 4511 851 4576 istis
880 4509 1020 4577 credere.
1066 4511 1253 4603 Legendnm
1278 4526 1370 4581 πλεῖν
1396 4519 1413 4593 ἣ

239 4630 342 4706 τρεῖς,
374 4642 439 4687 uon
459 4619 603 4692 πλεῖονς,
626 4618 714 4711 quod
735 4618 769 4684 in
782 4615 926 4717 -Godices
945 4615 1101 4707 quosdam
1122 4618 1282 4685 invectum
1303 4631 1350 4682 est
1370 4622 1411 4686 ab

237 4727 293 4807 iis,
326 4725 384 4816 qui
413 4719 634 4792 soloecismum
653 4724 749 4791 :terre
779 4746 844 4790 non
859 4733 1013 4814 possent.
1040 4721 1109 4796 ,sie
1126 4724 1159 4792 in
1182 4726 1413 4794 xrsornorm
