3309 5750
774 650 815 713 87

198 827 348 896 llditores
378 833 503 892 certam
521 809 714 910 ¹analogiam
745 824 939 891 auctoritate
971 830 1138 909 poetarum
1169 826 1327 891 munitam
1353 831 1387 892 ct

195 932 493 1001 Grammaticorum
514 931 708 996 testimoniis
739 930 974 997 confirmatam.
1023 929 1104 1010 Quia
1127 929 1166 995 ad
1186 932 1396 1016 Ριιιτιιιυιιιιιι,

197 1038 388 1105 devenimus
413 1037 511 1103 buius
538 1036 585 1102 rei
605 1034 750 1121 exempla
768 1034 925 1120 quaedam
946 1054 964 1100 e
987 1034 1064 1098 Vitis
1084 1054 1104 1099 a
1125 1036 1294 1101 Stamuisso
1320 1033 1386 1102 edi·

198 1144 242 1209 tis
264 1142 456 1210 adscribam.
503 1140 540 1207 ln
567 1140 683 1206 Τίιοιεο
705 1162 732 1206 c.
751 1145 803 1207 56.
829 1148 1060 1206 commemorat
1079 1143 1251 1207 Ποσειδῶνα
1271 1160 1385 1226 cogno-

196 1248 285 1314 mino
307 1246 503 1330 Ἀσφάλιον,
529 1247 563 1311 in
588 1245 733 1332 Lycurgo
748 1250 799 1311 12.
821 1244 930 1328 άνθρια
955 1246 1147 1312 Cretensium
1169 1266 1225 1332 pro
1248 1246 1383 1327 άνθρεῑα.

197 1357 251 1419 21.
276 1353 496 1436 καθαριότητος
515 1371 573 1437 pro
590 1351 835 1433 καθαρειότητος.
862 1354 914 1417 θθ.
938 1353 1073 1433 κρυπτία
1091 1371 1149 1438 pro
1164 1352 1325 1433 κρυπτεία.
1349 1351 1384 1417 in

192 1458 327 1523 -Oimone
346 1463 377 1523 4.
402 1459 433 1522 ἕν
450 1467 489 1541 τῇ
509 1457 750 1539 Πληοιανακτίῳ
769 1465 826 1541 ςοᾷ
848 1477 906 1543 pro
923 1458 1175 1540 Πεισιανακτείῳ.
1189 1458 1222 1521 iu
1235 1455 1383 1543 Pompeio

198 1569 252 1629 51.
279 1563 488 1644 Σπαρτακίοις
516 1582 575 1649 pro
598 1562 836 1644 Σπαρτακείοις.
862 1566 914 1627 52.
939 1568 975 1627 ‘T
977 1562 1129 1644 ψικρατία
1154 1583 1211 1649 pro
1233 1559 1383 1644 ’Τψιιιρά

197 1691 291 1744 πεια,
325 1669 357 1732 in
382 1667 543 1754 Lysandro
569 1671 619 1732 18.
650 1668 692 1732 τά
715 1668 894 1750 Λυοάνδρια
916 1690 973 1755 pro
1001 1667 1215 1750 Λυσάνδρεια,
1238 1668 1269 1733 itt
1288 1665 1385 1732 Arcto

195 1778 250 1839 55.
274 1775 311 1839 τθ
335 1772 476 1855 Ἀράτιον
500 1780 595 1858 turpe
625 1774 739 1839 vitium
764 1794 822 1859 pro
846 1775 1024 1857 ’λράτειον,
1049 1793 1111 1859 qua
1132 1772 1278 1858 analogia
1301 1770 1382 1837 nihil

186 1886 242 1946 est
266 1880 468 1944 constantius
492 1887 524 1943 et
548 1877 695 1963 pluribus
718 1880 872 1965 exemplis
889 1879 1083 1955 stabilitum,
1108 1887 1144 1944 ut
1166 1878 1209 1945 τά
1228 1879 1382 1957 Κιμώνεια

192 1982 395 2072 (μνάματα),
419 2010 439 2049 τ
485 1992 634 2061 Θησεῖον,
657 1986 806 2063 azyaco,
830 1984 1011 2059 Alcinoum,
1036 1986 1260 2061 Μαυσάλειον,
1282 1993 1381 2062 Tmo·

191 2087 342 2156 λοθντειον
368 2091 473 2179 (Peon.
502 2090 535 2154 in
571 2090 681 2155 Τιίιιοθ.
704 2087 770 2177 39).
819 2090 967 2155 Ridicule
989 2098 1163 2176 peccarunt
1194 2089 1318 2155 librarii
1345 2088 1379 2153 in

191 2196 328 2264 nanum
350 2195 467 2262 Αυοοιί.
482 2194 505 2260 l.
531 2215 560 2280 p.
576 2199 659 2272 560,
686 2200 737 2261 10.
760 2196 869 2261 nial:
892 2196 1065 2261 άκθντιον
1088 2199 1244 2273 Ἀθήνησι.
1258 2194 1378 2261 καὶτοῦ

196 2301 312 2367 Αἰακοῦ
339 2302 466 2381 τέμενος
494 2320 552 2387 pro
572 2302 736 2366 Αίακεῖονε
761 2301 796 2364 τὸ
829 2303 973 2377 Ἀθήνησι
1005 2306 1058 2366 τοῦ
1091 2303 1209 2367 Αἰακοῦ
1239 2300 1377 2379 τέμενος.

197 2402 398 2483 simsustes,
423 2406 480 2492 qui
509 2404 716 2471 haecomnia
740 2404 819 2471 bene
840 2407 961 2491 scripta
985 2425 1055 2471 esse
1078 2405 1236 2482 credidit,
1268 2404 1379 2471 sedulo

191 2507 328 2576 sormam
359 2520 492 2577 Noton
525 2512 645 2597 recepit
677 2512 711 2575 in
746 2510 844 2575 Bruto
868 2513 921 2577 lb.
954 2509 1054 2575 Mario
1076 2515 1129 2576 λδ.
1165 2510 1297 2576 Laccullo
1319 2514 1379 2587 11,

190 2620 257 2692 24,
284 2621 338 2683 52.
385 2617 485 2682 llulto
516 2618 680 2703 antiquior
711 2625 759 2682 est
794 2615 846 2681 bic
870 2616 938 2700 ipsc
968 2635 1059 2682 error
1088 2618 1121 2681 in
1152 2616 1252 2682 actori
1283 2612 1378 2680 verbo

187 2720 295 2787 lonico
317 2730 350 2788 ot
376 2721 477 2788 Attico
505 2733 620 2788 ΙΛΛΩ
643 2731 675 2788 et
701 2721 887 2808 compositis
910 2719 1044 2799 ἐξίλλω,
1067 2723 1205 2797 άνίλλο,
1230 2721 1374 2797 ὑπίλλιυ,

188 2833 353 2913 κατίλλο,
377 2835 505 2912 ἐνίλλυ,
529 2833 696 2921 inquibus
720 2854 819 2920 quum
845 2860 855 2900 ι
875 2835 917 2900 sit
941 2844 1058 2902 natura
1082 2834 1273 2922 productum
1299 2838 1376 2898 nata

190 2946 242 3006 est
264 2946 297 3005 et
322 2941 441 3026 passim
462 2940 651 3005 inveteravit
675 2942 836 3027 scriptura
860 2951 1016 3017 εΙΛΛΩ,
1040 2942 1124 3028 quod
1144 2936 1376 3006 eiusdemmodi

187 3052 239 3111 est
262 3053 359 3130 atque
381 3054 513 3110 ToIMH
537 3046 585 3112 vel
609 3055 732 3112 NeIKH
757 3047 805 3112 vel
832 3058 1036 3114 nonatum
1057 3055 1089 3112 et
1112 3046 1242 3112 millena
1262 3043 1302 3110 de
1322 3063 1374 3130 ge·

187 3169 267 3216 nere
291 3149 350 3215 hoc
374 3151 407 3214 in
432 3152 592 3228 nummis,
626 3153 913 3237 inscriptionibus,
948 3153 1112 3219 codicibus
1141 3151 1245 3237 paullo
1270 3159 1375 3216 vetus·

187 3255 343 3325 tionibus.
368 3262 404 3319 tlt
425 3256 604 3321 ὑπ’ἕκείνου
624 3256 707 3341 apud
729 3258 969 3324 illudentium.
996 3279 1027 3344 p.
1040 3263 1104 3323 446
1125 3277 1183 3343 pro
1203 3257 1372 3322 ὑπεκίνουν.

187 3361 251 3428 Pro
271 3359 370 3426 ίλλειν
398 3359 493 3424 Attici
520 3363 628 3426 minus
651 3371 775 3427 veteres
805 3364 898 3427 εἱλεῖν
931 3372 1104 3448 coeperunt
1137 3361 1262 3426 dicere:
1297 3359 1373 3426 hinc

185 3465 288 3543 ίλλιι,
318 3466 411 3531 είλλο
439 3473 472 3529 et
494 3467 564 3530 εῐλῶ
595 3474 747 3551 perpetuo
770 3466 809 3531 de
841 3466 909 3532 loco
942 3475 1086 3552 pugnant
1119 3467 1152 3531 in
1183 3465 1320 3552 simplici
1340 3471 1373 3530 et

185 3571 381 3657 compositis.
429 3571 474 3636 Ea
498 3571 538 3636 lis
563 3591 625 3636 non
646 3569 820 3636 difficulter
845 3574 889 3636 ita
918 3572 1064 3657 componi
1089 3578 1209 3656 potest,
1236 3578 1272 3636 ut
1294 3569 1372 3635 ίλλιο

186 3694 263 3741 cuin
284 3678 470 3762 compositis
492 3676 662 3743 addicatur
681 3676 933 3762 antiquioribus,
958 3679 1121 3762 sequiores
1144 3678 1215 3742 είλῶ
1232 3683 1263 3742 et
1287 3695 1371 3741 com-

186 3781 289 3866 pcsita
312 3780 373 3844 sibi
394 3779 552 3856 babeant,
577 3781 714 3868 denique
733 3783 864 3850 vitiosae
888 3803 1013 3848 merces
1033 3783 1148 3860 είλλιι,
1176 3781 1269 3856 είλιι,
1294 3780 1369 3856 ίλο,

184 3886 262 3964 ἕλοι,
286 3885 367 3950 ἔλλω
389 3885 593 3953 obiiciantur.
642 3887 738 3974 Legat
762 3887 843 3952 mihi
863 3888 936 3974 quis
956 3887 1092 3954 adhaec
1113 3909 1194 3974 qnae
1214 3889 1371 3954 Housma-

186 3991 485 4057 nnstusllunnnnusc
510 3992 726 4079 suppeditavit
744 3993 977 4061 adltusauuv.
1000 4003 1059 4074 γῆν
1071 3995 1235 4074 ἰλλομένην
1256 4014 1285 4080 p.
1308 3998 1372 4069 71,

183 4104 215 4163 et
237 4096 434 4161 Ronnuuntns
461 4098 528 4183 ipse
550 4097 677 4183 collegit
705 4098 744 4162 ad
768 4119 797 4163 v.
822 4100 1003 4166 άνείλλεται
1026 4120 1055 4186 p.
1081 4105 1140 4177 54,
1154 4108 1186 4166 et
1208 4097 1371 4178 εἰλομένων

182 4222 213 4288 p.
239 4206 302 4275 94,
327 4210 357 4265 et
383 4203 461 4267 satis
483 4222 641 4288 superque
657 4203 785 4269 babebit
804 4205 888 4271 unde
910 4206 992 4271 hanc
1013 4207 1170 4271 rationem
1190 4203 1369 4270 confirmet.

183 4305 317 4371 Videbis
350 4308 543 4392 scripturam
566 4318 730 4376 ΕΙΛΛΕΙΝ
760 4311 950 4395 imposuisse
972 4320 1099 4378 tantum
1122 4330 1182 4375 non
1204 4309 1370 4385 omnibus,

181 4410 238 4476 sed
261 4411 357 4476 iidem
385 4412 469 4478 docti
498 4415 643 4499 Magistri
667 4416 698 4478 in
727 4435 763 4480 ea
789 4436 824 4480 ro
849 4423 913 4479 tarn
939 4435 1031 4500 saepe
1054 4425 1086 4481 et
1112 4417 1144 4480 in
1170 4413 1275 4480 verbis
1303 4421 1370 4478 tam

182 4516 363 4583 manifestis
391 4520 551 4586 caecutire
584 4519 702 4596 solent,
736 4528 773 4585 ut
806 4522 927 4585 nemini
960 4521 1146 4606 religionem
1182 4519 1286 4584 lacere
1314 4522 1371 4580 aut

183 4623 373 4706 scrupulum
398 4625 529 4691 iniicere
553 4625 698 4691 debeant.
726 4625 813 4690 Unus
834 4626 1005 4690 Husuontus
1020 4625 1142 4691 allatius
1160 4625 1247 4689 dabit
1264 4641 1370 4687 exem·

183 4726 330 4812 plorum,
353 4731 406 4795 uui
430 4730 507 4795 είδίιο
533 4731 695 4808 astando,
719 4729 838 4797 ε’ίκετοε
863 4730 972 4810 ἦλθεν,
995 4732 1182 4813 είμείρεταιε
1207 4730 1370 4805 ἐπιθυμεῖ,
