3309 5750
888 609 954 673 314

332 805 423 882 stris,
456 802 518 870 vid.
545 801 682 868 Lonrcr
709 802 750 866 ad
781 801 1009 869 Pnnrmcnmr
1030 827 1063 894 p.
1088 803 1163 869 160.
1210 802 1400 893 Sequiores
1420 816 1517 872 tamen

332 931 442 976 omnes
471 908 616 990 δοίφίορκ
636 908 787 974 dicebant
806 931 865 999 pro
886 909 1094 991 δοέφθοιρμοοι,
1120 906 1238 974 frustra
1260 908 1514 977 admonentibus

330 1014 531 1091 doctoribus,
565 1024 602 1078 ut
630 1013 716 1103 apud
748 1014 927 1093 Lucrinum
954 1014 1059 1105 ipsum
1090 1018 1149 1093 76,
1168 1019 1201 1081 3.
1236 1016 1278 1081 σὺ
1312 1017 1347 1082 δὲ
1377 1019 1440 1083 ὑπὸ
1467 1026 1512 1094 τῆς

334 1119 422 1200 ἄνοον
445 1118 590 1191 waldrico
620 1122 845 1203 δοέΦίοροος,
870 1119 929 1190 ίίςε
952 1122 1026 1199 μηδ’
1051 1121 1251 1195 τοῦτοτοῦτο
1285 1122 1511 1205 σολοικίζοντας

330 1233 540 1300 caravriam,
567 1225 612 1313 [οὐ
632 1226 695 1308 γὰρ
717 1226 964 1308 praeservarent
985 1227 1020 1290 τὸ
1040 1224 1138 1313 τίνκ],
1159 1223 1217 1289 ubi
1236 1224 1333 1291 bono
1353 1228 1510 1316 magistro,

331 1329 388 1419 qui
417 1329 583 1419 adscripsit
611 1333 643 1396 οὐ
670 1332 733 1412 γὰρ
763 1329 906 1411 τρίοεςνν
934 1330 1018 1410 abaci
1041 1331 1076 1394 τὸ
1100 1327 1188 1405 τίνοι,
1220 1330 1347 1417 gratias
1379 1333 1510 1422 agimus,

330 1434 385 1499 sed
407 1435 473 1499 eius
492 1432 732 1499 annotationem
751 1434 917 1525 discipulis
933 1456 1029 1523 qnam
1050 1432 1143 1499 nobis
1165 1434 1337 1501 utiliorem
1356 1426 1507 1529 eipunge·

330 1564 411 1611 mus.
460 1540 623 1630 Quidquid
653 1541 794 1630 magistri
820 1540 1034 1605 reclamarunt
1061 1540 1206 1622 δοίφίοροο
1229 1541 1506 1630 ’ρτοιδνέφίοιρμον

329 1658 440 1737 postea
471 1646 614 1711 omnium
640 1669 700 1711 usu
723 1646 834 1711 tritum
853 1657 910 1711 est.
957 1645 1110 1709 Dioruus
1133 1644 1191 1734 qui
1211 1646 1254 1711 de
1276 1657 1443 1738 corrupto
1461 1648 1503 1712 dr'·

332 1752 430 1817 cendi
447 1774 510 1815 usu
530 1751 654 1841 scripsit
674 1764 707 1816 et
726 1751 843 1817 librum
866 1750 1027 1839 inscripsit
1048 1750 1116 1831 περὶ
1139 1752 1381 1833 ντκρεφίορυίοος
1401 1753 1501 1832 λέξεως

331 1857 365 1921 in
395 1857 465 1946 ipso
491 1857 587 1922 titulo
618 1858 721 1947 operis
748 1858 803 1931 τὴν
834 1856 975 1937 οὶρχοοίκν
1006 1855 1168 1921 διοίλεκτον
1199 1857 1402 1942 τκρέφίορεν
1424 1871 1455 1924 et
1474 1859 1501 1923 in

333 1963 428 2028 unica
448 1963 685 2042 observatione,
711 1986 794 2053 quae
815 1961 896 2027 mibi
915 1984 950 2027 er
969 1960 1027 2025 illo
1049 1960 1132 2025 libro
1150 1961 1319 2042 innotuit,
1344 1962 1503 2033 veliemen-

334 2080 383 2134 ter
411 2067 552 2147 fallitur,
585 2068 670 2159 apud
700 2068 911 2134 Acarnanum
939 2063 995 2130 lx.
1018 2088 1049 2156 p.
1069 2069 1134 2132 368
1154 2083 1184 2131 n.
1216 2065 1394 2134 Lucrinus
1417 2068 1503 2158 igitur

333 2196 407 2241 cum
429 2175 576 2240 omnibus
600 2198 707 2241 errans
726 2176 864 2260 ᾄομοοτοο
886 2171 1069 2255 δοεφίορίτοο
1095 2170 1174 2237 dixit
1191 2176 1425 2263 proluscioa,
1450 2179 1500 2241 ιὀο·

325 2281 473 2371 pedico,
497 2304 630 2371 spurca.

379 2384 416 2450 ln
438 2386 574 2451 Timone
594 2392 631 2465 5,
656 2389 685 2453 4.
709 2385 780 2451 οὔτε
803 2383 923 2457 θύοντος
947 2380 993 2447 ἔτι
1017 2405 1063 2447 σον
1088 2383 1168 2457 τινος
1189 2383 1261 2451 οὔτε
1282 2390 1501 2469 ςεφοονοῦντος,

333 2491 470 2557 debebat
490 2492 607 2565 οὐδενός
627 2491 765 2557 scribere
784 2513 845 2579 pro
861 2489 959 2568 τινος,
978 2481 1032 2553 sed
1051 2487 1167 2576 passim
1185 2488 1218 2553 in
1239 2490 1367 2556 talibus
1386 2502 1503 2581 peccat,

333 2598 397 2666 rid.
418 2605 435 2687 §
459 2602 509 2665 15.
534 2602 592 2674 14,
621 2601 670 2663 14.
704 2597 788 2662 lbid.
808 2596 925 2671 τννίκοο
946 2595 1029 2660 male
1050 2618 1109 2685 pro
1130 2594 1218 2661 τίτε.
1260 2597 1363 2687 Apud
1385 2598 1501 2664 Veteres

333 2703 449 2779 τννίκκ
467 2703 534 2768 lero
555 2723 681 2790 semper
701 2700 819 2765 dicitur
839 2721 939 2789 quum
960 2699 1031 2789 quis
1050 2711 1158 2789 rogat,
1172 2724 1259 2789 quoe
1269 2728 1367 2794 pars
1384 2706 1454 2771 daei
1464 2708 1502 2769 sit

333 2809 405 2887 tel,
430 2821 464 2873 ut
486 2820 596 2899 postea
616 2806 777 2885 solebant,
801 2814 902 2894 quota
923 2806 1008 2869 hora
1027 2808 1090 2884 sit,
1110 2817 1146 2870 ut
1164 2806 1198 2872 in
1222 2805 1365 2876 Cra'lone
1384 2836 1417 2903 p.
1429 2814 1501 2878 431.

329 2915 446 2989 τννίκοο
468 2913 613 2992 unitim
638 2949 684 2962 -
709 2911 805 2992 ὄρθρος
831 2911 944 2988 (daddo.
971 2910 1165 3002 ubicumque
1185 2913 1304 2988 τννίκοο
1324 2928 1366 2982 et-
1380 2917 1501 2994 ὅτηνίκο

332 3031 363 3083 et
384 3018 529 3094 ravanella
552 3028 725 3082 occurrunt
746 3014 867 3082 ridebis
891 3013 1150 3084 honorationem
1174 3030 1330 3088 constare.
1377 3021 1503 3113 Seqnio·

332 3147 382 3188 res
402 3122 511 3213 inepte
528 3123 644 3200 πννίκκ
665 3122 815 3188 dicebant
834 3144 893 3213 pro
912 3121 1007 3196 τότε,
1025 3134 1126 3212 quota
1142 3126 1253 3192 hora?
1271 3152 1333 3218 pro
1350 3156 1416 3220 quo
1429 3140 1503 3196 lem·

325 3229 443 3323 pore?
466 3253 547 3321 quos
566 3229 649 3295 ridet
670 3231 717 3297 vir
737 3241 850 3295 acutus
870 3227 956 3319 apud
977 3229 1156 3296 Lucrinum
1177 3235 1236 3310 76,
1254 3239 1284 3299 5.
1305 3237 1367 3324 qui
1386 3250 1503 3328 rogatus

331 3338 449 3414 τννίκοο
472 3336 566 3416 differor
585 3335 766 3426 rospondit:
801 3335 872 3425 quis
892 3334 953 3400 tibi
974 3334 1052 3399 dixit
1072 3358 1123 3400 me
1146 3337 1244 3402 hodie
1265 3337 1298 3403 id
1317 3338 1502 3409 facturum?

332 3442 453 3508 Iterum
483 3454 595 3532 peccat
624 3434 794 3509 Lactarius
825 3445 883 3519 45,
903 3444 935 3506 6.
968 3441 1085 3515 τννίκοο
1105 3442 1261 3520 διηγήσεις
1299 3469 1427 3534 ponens
1453 3471 1504 3540 pro

334 3550 468 3638 quando
495 3548 686 3614 narrabis?
728 3547 790 3634 Qui
821 3545 884 3612 hoc
913 3546 1033 3613 tenebit
1063 3546 1158 3611 facile
1186 3550 1377 3619 emendabit
1405 3555 1506 3622 llario·

336 3673 477 3720 Pnontls
494 3655 671 3720 Anchario
691 3650 749 3720 ΙΙΙ.
769 3673 799 3718 ν.
824 3658 873 3720 18.
898 3652 948 3721 ἐπί
971 3648 1089 3725 τούτοις
1107 3653 1255 3720 ε’ίνίοοοντο
1278 3654 1363 3733 ὅπως
1382 3660 1506 3737 ὄτννίκοο

334 3761 386 3826 aa}
421 3759 519 3835 δοκοίη
548 3768 604 3834 τῆς
633 3757 711 3839 ίίροος
737 3759 793 3832 τὴν
823 3756 1122 3842 πορείοινντοοοῖντο,
1151 3758 1221 3848 lege
1250 3760 1390 3838 ίοτηνίκοο
1414 3764 1504 3840 δοκοίη

337 3874 497 3954 expuncto
526 3870 582 3936 τῆς
609 3860 706 3942 droa,
741 3861 827 3950 quod
859 3873 970 3926 natum
999 3873 1046 3926 est
1073 3885 1109 3927 ex
1138 3865 1348 3934 annotatione
1381 3871 1507 3946 ἕτὶτῆς

335 3967 413 4048 ὥροις
435 3968 475 4033 ad
496 3966 627 4043 ὂντννίκοο
650 3965 726 4029 olim
747 3966 914 4056 adscripta.
960 3966 998 4032 ln
1021 3968 1197 4036 Auscululs
1219 3972 1252 4036 Τ
1249 3977 1427 4044 2‘marchea
1447 3980 1506 4067 §90

335 4073 493 4153 δνκρρήδνν
514 4069 711 4136 οίντοδείκννον
736 4077 854 4152 πρῶτον
882 4073 939 4150 μὲν
964 4069 999 4146 ἣν
1025 4072 1103 4155 ίίρονν
1127 4078 1272 4157 προσήκει
1299 4079 1381 4147 ίένοον
1410 4087 1454 4158 είς
1475 4082 1505 4147 τί

317 4177 552 4241 -ὂνδκσκκλεῖον
577 4175 629 4240 axi
654 4175 787 4252 ίτννίκκ
817 4177 964 4254 airadum,
1000 4201 1074 4246 usus
1105 4181 1273 4249 verborum
1301 4183 1337 4258 ἣν
1361 4187 1443 4270 ἆίροιν
1470 4188 1506 4255 ab

313 4371 315 4375 .
336 4294 439 4349 aetate
464 4282 637 4348 duscumrs
655 4281 806 4348 abhorret
831 4294 863 4348 et
883 4282 916 4360 ἥν
937 4308 996 4375 pro
1016 4287 1087 4354 τίνοο
1107 4289 1247 4379 positum
1268 4291 1321 4357 rel
1341 4298 1443 4372 ποςήν
1462 4319 1506 4363 ar·

336 4389 405 4480 guil
436 4388 636 4454 Graeculum.
693 4389 837 4454 Emenda
866 4397 982 4473 πρῶτον
1015 4394 1073 4472 μὲν
1104 4396 1236 4470 ὁτννίκκ
1264 4400 1414 4478 τροονὶκεν
1445 4403 1505 4469 κτὲ.

336 4493 557 4585 interpretatio
588 4516 691 4558 reram
717 4496 906 4585 scripturam
934 4499 1066 4588 erpnlit.
1119 4500 1243 4568 Addam
1275 4501 1324 4569 his
1353 4508 1507 4573 nonnulla

337 4614 471 4694 propter
491 4599 688 4665 Locrorum
708 4601 748 4666 ad
769 4602 994 4672 Punrarcuuu
1012 4629 1044 4694 p.
1066 4609 1109 4670 50
1128 4619 1160 4672 ct
1179 4620 1215 4674 ut
1237 4632 1274 4675 ea
1295 4614 1507 4683 controversia

339 4709 516 4776 dirimatur.
571 4705 787 4774 Pflurrttcnus
821 4707 932 4773 docet:
967 4708 1108 4783 ττκνίκον
1142 4713 1187 4790 μὴ
1221 4713 1315 4796 alapa
1344 4719 1418 4784 ἀντὶ
1456 4723 1507 4786 τοῦ
