3309 5750
863 602 931 667 2³2

305 807 351 890 τῷ
370 804 455 887 xor}
472 812 506 870 et
524 801 593 867 simi
611 798 776 864 dicuntur.
822 796 887 881 Qui
907 786 1103 864 ante'multa
1123 798 1249 864 amula
1267 788 1312 865 er
1325 795 1491 867 Peum-

308 926 369 977 011
394 914 477 975 odos
496 906 661 997 aliquanto
681 903 912 993 integrioribus
934 916 968 969 et
986 926 1122 970 numero
1141 918 1175 971 ct
1195 907 1344 972 oratioue
1364 900 1490 973 dacri-

306 1018 371 1109 psit
389 1014 566 1081 celebrium
587 1013 727 1076 virorum
742 1007 1013 1100 apophthegmata
1023 1012 1072 1097 (in
1083 1012 1488 1079 merrcarMoraaeus

305 1137 338 1213 p.
358 1126 424 1186 204
442 1120 485 1207 r.)
511 1140 586 1184 usus
604 1130 652 1181 est
671 1114 792 1181 Codice
812 1114 915 1181 nihilo
931 1116 1165 1196 emendatiore,
1188 1118 1274 1184 unde
1293 1118 1379 1184 lraec
1399 1142 1487 1186 sum·

306 1227 364 1293 xit:
387 1231 448 1291 τῶν
478 1227 510 1289 δὲ
533 1223 662 1305 ἑητίροον
683 1225 757 1294 τοὺς
780 1220 871 1300 μέγα
892 1224 1034 1301 βοῶντας
1063 1223 1160 1302 ἔλεγε
1181 1226 1221 1289 δι’
1244 1227 1414 1291 ἀσθένειαν
1436 1224 1484 1290 ἐπὶ

305 1334 362 1407 την
394 1330 535 1411 κραυγὴν
559 1329 598 1399 ὡς
627 1328 769 1408 χυλοὺς
785 1326 971 1403 ἀναβαίνειν
998 1329 1052 1408 ἐφ’
1077 1327 1189 1403 ἵππον,
1225 1330 1313 1395 undo
1343 1330 1485 1421 primum

306 1458 422 1503 revoca
448 1433 543 1499 ίππον
562 1454 622 1522 pro
640 1432 760 1505 ἵππον,
791 1429 881 1522 quod
900 1432 1085 1496 inconsulto
1104 1432 1313 1501 Smmsrus
1332 1436 1485 1527 arripuit:

307 1542 397 1636 qnod
426 1551 534 1605 autem
563 1542 654 1619 μέγα
676 1541 818 1618 βοῶντας
847 1538 938 1604 dedit
969 1540 1129 1622 Graecus,
1166 1536 1278 1608 elicuit
1310 1538 1357 1611 exs
1384 1544 1485 1610 verbis

308 1649 466 1739 eorruptis
490 1647 679 1712 sententiam
701 1646 986 1737 qualemcumque:
1015 1648 1051 1713 in
1069 1652 1113 1730 τῷ
1135 1650 1217 1727 βοᾶν
1239 1650 1383 1730 μεγάλα
1406 1647 1484 1731 χροί-

307 1755 417 1836 μένους
437 1752 516 1818 latet
532 1754 576 1833 τῷ
593 1752 674 1829 βοᾶν
687 1755 1025 1831 μεγαλαυχουμένους.
1049 1758 1347 1837 Μεγαλανχεῖοίαι
1365 1778 1485 1847 euper-

308 1863 396 1939 dire,
419 1861 486 1923 sibi
493 1860 653 1949 placere,
681 1856 797 1946 passim
817 1856 945 1947 legitur.
992 1859 1098 1925 Paene
1118 1860 1256 1950 perierat
1277 1862 1313 1927 iu
1333 1862 1485 1929 Lucrino

310 1971 349 2045 9,
373 1968 431 2043 14,
451 1968 480 2029 4.
504 1962 561 2026 ubi
581 1962 678 2050 vulgo
697 1960 854 2026 edebatur
869 1963 899 2026 εί
917 1987 949 2027 τι
970 1966 988 2039 ἦ
1013 1965 1116 2044 μήτηρ
1138 1968 1369 2048 ε’μεγαλαιίχει
1391 1968 1479 2041 τότε,

311 2068 468 2137 codicum
500 2068 647 2133 omnium
674 2067 912 2156 antiquissimus
931 2069 958 2134 B
978 2070 1069 2160 peius
1088 2071 1184 2136 etiam
1203 2073 1394 2153 ἔμαλαιίχει
1413 2073 1484 2138 τίτε

311 2175 422 2253 dedit,
451 2196 534 2240 nnus
554 2173 581 2238 F
600 2195 706 2238 reram
726 2172 898 2239 lectionem
915 2175 1180 2256 ἐμεγαλαυχεῖτο
1203 2176 1348 2242 servarit
1396 2175 1485 2242 ldem

311 2281 446 2347 terbum
473 2277 706 2345 restituendum
734 2278 870 2344 ridetur
888 2269 1037 2345 l’rrrorr
1061 2281 1094 2344 in
1117 2280 1201 2372 llep.
1223 2280 1296 2347 Vll.
1318 2307 1351 2373 p.
1372 2285 1440 2351 528
1457 2301 1486 2349 1.

310 2388 366 2472 cdx
401 2386 440 2451 ἂν
473 2385 622 2450 πείίοιντο
656 2385 682 2448 οἱ
711 2383 780 2463 περὶ
809 2388 928 2448 ταῦτα
947 2385 1104 2467 ζητητικοὶ
1133 2378 1482 2468 μεγαλοφρονούμενοι,

312 2491 389 2585 'qnia
419 2490 520 2557 Attici
546 2488 698 2554 dicebaut
726 2500 912 2554 constanter
939 2510 1050 2555 omnes
1076 2490 1167 2568 μέγα
1190 2496 1334 2572 φρονεῖν,
1357 2494 1483 2575 μεῖζον,

309 2599 442 2679 μίγιςον
466 2603 607 2679 φρονεῖν,
633 2606 669 2660 ut
688 2595 853 2667 serrendo,
877 2596 1006 2676 σμικρὸν
1031 2601 1174 2677 φρονεῖν,
1208 2615 1314 2684 neque
1341 2612 1485 2674 μεγαλο-

309 2708 434 2786 φρονεῖν
453 2712 486 2766 et
503 2700 609 2765 multo
629 2699 737 2764 minus
754 2702 1078 2781 μεγαλοφρονεῖσθαι,
1093 2698 1178 2788 quod
1196 2696 1295 2789 plane
1314 2699 1485 2767 barbarum

300 2819 358 2877 ,est
386 2820 418 2875 et
438 2806 536 2873 serbo
554 2806 710 2887 χαίρομαι
731 2803 942 2869 simillimum.
988 2804 1137 2869 Graeculi
1154 2801 1309 2871 dicebant
1324 2806 1485 2886 ριεγοίλα,Ι

308 2894 422 2996 μείζω,
447 2912 569 2990 μέγιςα
594 2915 734 2990 φρονεῖν,
755 2922 788 2975 et
810 2910 990 3000 saepissimo
1010 2917 1280 2994 μεγαλοφρονεῖνς
1306 2911 1395 2977 uude
1413 2936 1485 3004 pas·

310 3018 370 3083 'sim
390 3016 512 3080 factum
532 3024 581 3079 est
601 3026 637 3079 ut
658 3014 736 3082 istae
756 3014 865 3082 sordes
881 3009 1026 3081 'tabentis
1051 3015 1237 3082 Graecitatis
1254 3017 1486 3108 inantiquitaf

309 3123 351 3187 tis
379 3131 587 3187 monumenta
615 3141 649 3184 ce
677 3119 895 3199 insinuarent,
926 3144 1057 3213 saepen
1082 3120 1208 3187 Griticis
1227 3104 1393 3213 expulsae,
1406 3145 1485 3188 sae·

308 3227 382 3320 pius
416 3222 641 3317 expellendae;
676 3235 708 3289 at
737 3232 1040 3308 prraesumendum
1072 3250 1168 3292 nemo
1204 3241 1253 3294 est
1284 3230 1343 3319 qui
1372 3227 1484 3294 dixerit

309 3355 482 3426 umquam,
507 3331 718 3422 quamobrem
736 3333 1040 3412 μεγαλαυχούμενοι
1061 3334 1270 3414 restituerim,
1297 3357 1364 3424 quo
1384 3336 1483 3401 forma

309 3435 425 3505 Puro
450 3460 524 3505 cnm
557 3439 690 3504 caeteris
720 3437 870 3503 omnibus
896 3438 1022 3528 saepius
1054 3440 1173 3518 utitur,
1204 3451 1240 3504 nt
1267 3439 1302 3504 iu
1330 3439 1395 3506 hoc
1414 3441 1483 3531 ipso

308 3564 408 3637 opere
433 3545 475 3610 de
503 3544 586 3635 Rep.
614 3542 672 3609 lll.
698 3568 731 3634 p.
756 3546 822 3609 395
843 3538 874 3606 u'.
898 3553 1038 3620 γυναῖκα
1063 3540 1243 3624 πρὸςίεοὺς
1265 3544 1425 3628 ε’ρίζουοιίν
1448 3569 1484 3611 τε

308 3651 361 3716 καὶ
384 3649 708 3731 μεγαλαυχουμένην.
749 3649 942 3738 Exemplum
963 3661 1104 3714 vetustae
1123 3650 1380 3741 interpolationis
1398 3651 1484 3717 idem

307 3754 420 3821 l’urro
437 3754 667 3846 suppeditabit
694 3759 732 3819 ιἰι
756 3754 901 3844 Legibus
926 3751 982 3819 Xl.
1011 3778 1042 3845 p.
1063 3758 1126 3820 931
1150 3776 1182 3822 λ.
1213 3756 1317 3838 πατὴρ
1346 3753 1398 3828 οὖν
1416 3754 1483 3839 ’ὅτῳ

307 3861 362 3926 καὶ
388 3862 490 3942 μήτηρ
513 3862 531 3937 ἢ
557 3860 674 3925 τούτων
698 3859 832 3940 πατέρες
861 3859 879 3935 ἢ
903 3860 1035 3941 μητέρες
1061 3863 1093 3926 ἐν
1119 3863 1201 3946 οίκίρι
1226 3873 1347 3928 κεῖνται
1372 3864 1484 3942 κειμιί-

307 3952 368 4030 λιοι
404 3965 606 4047 απειρηκίτες
643 3966 727 4046 γηρρ
759 3963 868 4042 μηδείς
901 3965 1085 4041 διανοηίητυ
1119 3969 1196 4032 ποτὲ
1225 3966 1371 4046 ἄγαλμα
1397 3967 1483 4048 αὐτῷ

308 4074 443 4133 τοιοῦτον
463 4070 588 4151 ε’φέςιον
609 4066 725 4149 ἵδρυμα
748 4069 778 4131 ἐν
803 4068 886 4152 οίκίρ
909 4067 990 4149 ἔχων
1011 4074 1137 4147 μᾶλλον
1161 4070 1261 4150 κύριον
1280 4069 1407 4136 ἔσεσθαι
1430 4070 1484 4135 εὀὶν

309 4172 345 4245 δίη
370 4172 457 4236 κατοὶ
484 4173 594 4254 τρίπον
617 4197 657 4251 γε
679 4173 767 4252 ὀρθῶς
790 4172 868 4238 αὐτὸ
897 4175 1050 4256 ίεραπεοίη
1071 4175 1085 4237 ὅ
1107 4175 1307 4254 κεκτημένος.
1339 4173 1397 4265 qui
1428 4174 1485 4241 ad·

308 4268 451 4342 monitus
479 4268 545 4343 non
576 4276 691 4344 sentiet
719 4279 750 4342 ἕν
778 4278 860 4363 οίκίρι
888 4301 956 4344 esse
983 4279 1304 4370 interpretamentum
1333 4280 1483 4347 vocabuli

308 4380 433 4464 ἔφέςιον
452 4394 485 4447 et
503 4385 591 4464 ίρίῶς
614 4378 781 4450 verborum
800 4384 886 4449 κοντοὶ
907 4384 1034 4466 τρίπον,
1058 4386 1203 4453 noudum
1224 4387 1303 4477 quid
1323 4388 1365 4452 sit
1383 4387 1484 4454 nitide

309 4497 342 4552 et
368 4485 533 4577 eleganter
561 4490 698 4555 scribere
727 4511 765 4554 er
793 4489 959 4555 Prsrorus
986 4502 1019 4555 et
1047 4492 1226 4559 Atticorum
1250 4493 1390 4560 lectione
1408 4494 1482 4560 satis

309 4595 479 4684 perspexit.
506 4614 510 4644 2
528 4594 590 4680 Qui
608 4595 742 4675 sentiet,
760 4594 846 4686 apud
868 4594 1050 4663 Sronarnrr
1068 4600 1102 4664 in
1121 4601 1244 4666 Floril.
1265 4599 1412 4666 LXXIX.
1432 4602 1483 4664 34.

310 4710 450 4770 veterem
487 4725 554 4770 esse
588 4702 871 4794 interpolationem
903 4704 1088 4792 comperiet.
1147 4705 1271 4773 Addam
1300 4727 1339 4771 er
1369 4704 1480 4781 iisdem
