3309 5750
741 696 780 757 13

169 883 250 967 αόνρ
273 884 314 965 τῷ
338 880 423 964 λόγῳ
442 882 508 946 uri.
533 900 608 946 nam
632 880 712 961 πόνῳ
736 876 852 963 incipit
871 896 890 941 a
912 876 1051 945 rubrica.
1098 880 1185 949 ldem
1206 904 1355 973 corupen·

169 987 259 1054 dium
290 1012 330 1053 ατ
354 986 611 1073 suprascriptum
636 983 769 1073 syllabis
793 993 886 1063 Δαμν
909 1020 955 1031 -
977 986 1099 1071 peperit
1122 988 1213 1061 nobis
1236 1011 1356 1060 norum

169 1094 379 1179 scriptorem,
409 1112 505 1178 quem
535 1110 629 1157 nemo
652 1098 804 1156 veterum
825 1107 981 1173 umquam
1009 1090 1058 1156 vel
1090 1090 1184 1161 lando
1212 1097 1358 1177 audivit,

169 1198 383 1264 Denocmrru.
443 1195 522 1278 Quis
552 1196 585 1260 in
616 1214 653 1260 ea
688 1196 851 1281 scriptura
884 1192 983 1260 lateat
1016 1216 1154 1283 magnus
1183 1209 1214 1267 et
1243 1201 1358 1271 nobilis

169 1302 377 1390 philosophus
400 1302 450 1369 vel
484 1321 571 1366 unus
602 1299 655 1365 bic
678 1299 769 1365 locus
793 1297 967 1364 declarabit
996 1301 1029 1365 in
1060 1302 1202 1389 Append.
1237 1328 1268 1393 p.
1291 1314 1356 1376 755

169 1408 409 1490 Δαμναρνότννςῑ
434 1410 451 1483 ἡ
476 1407 573 1490 φύσις
597 1406 648 1471 καὶ
674 1405 827 1484 retecxi
848 1407 1067 1486 παραπλήσιόν
1089 1409 1148 1477 ἕςν.
1171 1410 1225 1476 καὶ
1248 1412 1313 1495 γὰρ
1337 1417 1355 1491 ἦ

169 1515 284 1594 διδαχὴ
309 1513 395 1592 μετὰ
428 1516 544 1594 ῥυσμοῦ
573 1510 625 1575 τόν
648 1508 822 1592 ἄνόρωντνν,
853 1509 941 1589 μετὰ
963 1515 1079 1592 perfecie
1103 1513 1254 1597 δὲφύσις
1277 1524 1362 1584 πονεῖ

172 1619 280 1705 (ποιέει
315 1615 406 1704 lep).
456 1614 535 1697 Quis
568 1614 646 1681 baec
678 1622 806 1701 praeter
835 1612 1019 1681 Abderilam
1051 1617 1250 1686 bruocmrmr
1280 1623 1359 1688 seri·

170 1722 275 1807 psisse
298 1721 425 1807 potest?
462 1718 660 1786 confidenter
682 1719 784 1805 igitur
811 1718 1018 1787 briocum
1046 1721 1136 1789 illum
1161 1726 1281 1811 passim
1304 1745 1360 1793 ex·

169 1825 346 1911 pellemus,
370 1833 406 1890 ut
426 1826 618 1890 Deuocarros
642 1823 771 1890 tandem
794 1823 967 1911 aliquando
990 1846 1048 1893 sua
1072 1838 1250 1916 recuperet.
1297 1832 1358 1899 llo-

168 1930 242 1995 dem
264 1930 358 1996 modo
381 1937 412 1996 et
436 1928 519 1994 alius
541 1928 749 2015 philosophus
771 1949 859 1995 nunc
884 1929 961 1997 latet
982 1932 1014 1996 in
1036 1951 1073 1998 eo
1096 1934 1247 2013 nomine,
1270 1935 1357 2023 quod

166 2036 197 2101 ei
220 2036 360 2122 imperiti
381 2034 503 2101 scribae
532 2035 767 2120 imposuerunt.
815 2033 851 2099 ln
881 2034 990 2101 codiee
1012 2044 1070 2101 aut
1095 2038 1215 2121 ρόδαρρρ
1235 2038 1358 2109 dicitur

166 2148 224 2206 ant
244 2141 374 2223 νρόδαρνς
398 2147 455 2205 aut
474 2138 614 2224 denique
636 2140 821 2222 Ἡρόδωρος,
848 2137 944 2225 idque
964 2141 994 2205 ei
1018 2161 1133 2208 nomen
1154 2143 1300 2212 adhaesit
1323 2148 1357 2216 in

165 2246 308 2331 Appecd.
332 2266 362 2332 p.
376 2249 461 2321 689,
483 2248 504 2308 6
523 2251 555 2309 et
573 2249 654 2321 755,
672 2249 726 2310 67.
774 2244 896 2309 Verum
917 2265 1032 2311 nomen
1050 2267 1088 2314 er
1106 2248 1227 2332 ρόδαρός
1244 2272 1358 2319 eruen-

167 2350 333 2429 domest,
357 2352 411 2416 cui
433 2368 496 2414 non
516 2348 635 2414 vocalis
655 2348 763 2434 aliqua
784 2357 855 2414 erat
872 2348 1069 2437 adaptanda,
1093 2353 1148 2420 sed
1171 2354 1280 2423 littera
1303 2369 1357 2438 M,

165 2473 199 2540 in
224 2495 288 2562 qua
314 2477 477 2562 scriptura
493 2460 646 2558 αρόδαρνρ
668 2475 856 2561 pervulgato
878 2497 968 2543 more
988 2480 1170 2546 scribarum
1194 2482 1278 2548 inest
1301 2503 1356 2549 nm

164 2622 240 2671 men
264 2604 489 2686 Marpdbopoc,
506 2622 622 2689 nempe
646 2584 728 2684 ανρ,
752 2585 850 2685 reple,
868 2588 947 2686 ᾖρὶ,
971 2587 1036 2687 pepe
1063 2625 1121 2691 pro
1135 2609 1272 2690 μήτηρ,
1296 2634 1356 2688 μη.

165 2708 235 2792 epta
259 2715 321 2775 etc.
346 2709 487 2776 librariis
508 2713 606 2777 etiam
629 2710 824 2795 pervetustis
844 2710 921 2774 trita
943 2718 1028 2775 sunt.
1054 2710 1220 2776 Sebelaci
1245 2711 1355 2799 θόρεν.

167 2862 200 2904 α.
216 2841 282 2903 776
306 2846 344 2920 τῇ
368 2837 490 2921 ἀρχαία
514 2836 655 2919 escalata
679 2833 860 2917 ἐγέγραπτο
879 2817 955 2921 ραν-ρ’
987 2822 1241 2924 8ἰηιίΙίόεν-αἶρ,
1265 2823 1356 2926 opis,

165 2969 241 3049 αρὶ,
265 2990 349 3046 αρα,
375 2987 431 3046 περ
456 2972 488 3030 et
512 2963 687 3050 composita
711 2970 769 3028 aut
797 2963 940 3032 derivata
967 2966 1087 3033 multas
1118 2989 1212 3057 saepe
1243 2956 1355 3038 turbas

164 3071 346 3148 dederunt,
369 3069 408 3136 de
430 3070 548 3155 quibus
571 3069 633 3135 alio
655 3067 724 3133 loco
748 3066 904 3137 dicemus.
952 3073 1096 3160 Denique
1118 3095 1214 3142 suum
1239 3077 1355 3144 nomen

163 3177 354 3242 restitutum
379 3182 427 3241 est
447 3176 498 3252 ei,
531 3175 644 3261 quiin
669 3173 779 3240 codice
809 3176 930 3252 Καόέας
955 3178 969 3244 ό
992 3185 1225 3260 Μασσαλιήτης
1250 3183 1355 3270 appel·

164 3281 261 3347 latur.
309 3279 410 3344 Notus
432 3279 527 3345 bomo
554 3288 603 3346 est
626 3287 659 3346 et
682 3278 802 3344 multos
832 3280 908 3347 olim
931 3280 1057 3368 decepit
1080 3285 1199 3360 Πνόέαρ
1224 3288 1238 3352 ό
1260 3298 1354 3354 Mec-

164 3386 341 3462 cantcirac,
365 3404 461 3471 quem
485 3384 673 3450 Grrsrcrnus
695 3382 824 3448 reduxit
848 3405 877 3470 p.
893 3391 969 3451 774.
1008 3386 1095 3453 ldem
1121 3410 1151 3475 p.
1166 3396 1229 3456 776
1255 3404 1355 3459 Πανν-

163 3490 285 3573 νόρχνν
306 3489 393 3576 eruit
418 3509 456 3555 ex
480 3489 664 3561 πλόόταννς.
714 3486 799 3551 Satis
818 3495 951 3574 apparet
975 3509 1013 3555 ex
1041 3490 1081 3555 iis
1105 3511 1189 3585 quae
1206 3494 1354 3564 dedimus

165 3594 331 3673 codicem,
357 3593 441 3659 unde
464 3593 664 3659 Florcotimcs
684 3590 867 3677 descriptus
892 3599 963 3666 est,
989 3612 1046 3678 per
1065 3597 1253 3682 compendia
1276 3602 1354 3665 scri·

163 3709 255 3787 ptum
280 3698 389 3769 ‚luisse
419 3707 451 3764 et
481 3717 584 3790 nexus
611 3697 795 3762 litterarum
821 3696 1060 3776 intricatiores,
1092 3699 1132 3763 iis
1165 3702 1276 3788 utique
1298 3706 1355 3792 qui

164 3825 344 3892 numquam
365 3805 516 3870 viderunt
535 3812 592 3870 aut
613 3823 675 3868 non
696 3808 832 3888 possunt
856 3801 939 3880 ista,
963 3804 1055 3889 quasi
1077 3803 1211 3873 lacunae
1230 3807 1354 3891 forent,

163 3920 253 3982 certa
277 3911 475 3976 correctione
500 3908 657 3995 supplere.
707 3907 837 3973 Scaurus
861 3927 958 3993 quam
989 3928 1083 3996 saepe
1109 3920 1142 3977 et
1166 3934 1263 3999 quam
1290 3919 1354 3984 im·

163 4017 267 4104 perite
289 4014 322 4080 in
343 4016 383 4081 iis
404 4015 544 4082 haeserit
567 4012 644 4101 quid
670 4011 799 4099 prodest
821 4012 1011 4079 ostendere?
1043 4014 1216 4102 Aliquanto
1239 4023 1353 4093 utilius

162 4121 225 4189 erit
249 4119 494 4195 demonstrare,
531 4126 688 4206 quantum
721 4118 875 4185 vitiorum
900 4127 932 4184 et
956 4140 1103 4188 errorum
1127 4124 1155 4189 is
1178 4126 1246 4211 ipse
1269 4149 1354 4195 com·

163 4225 308 4302 miserit,
333 4224 389 4310 qui
411 4225 580 4310 antiquum
594 4224 712 4289 librum
728 4222 946 4301 describebat,
971 4244 1010 4290 ex
1030 4226 1190 4294 scribendi
1206 4252 1354 4320 compen·

163 4330 225 4398 diis
245 4351 310 4397 non
334 4329 515 4396 intellectis.
562 4328 688 4414 Ecquid
712 4329 816 4414 magis
840 4326 1014 4395 ridiculum
1038 4350 1106 4398 esse
1127 4342 1230 4418 potest
1255 4359 1353 4425 quam

163 4445 212 4503 est
231 4436 286 4504 hie
310 4435 399 4502 locus
423 4436 588 4511 Pmroms,
612 4453 706 4519 quem
731 4433 872 4519 primum
894 4453 1008 4500 sanum
1031 4455 1188 4522 apponam
1212 4461 1250 4508 ex
1273 4441 1354 4512 libro

163 4541 202 4607 de
223 4541 322 4629 Leqp.
336 4541 376 4605 ΙΙ.
402 4561 432 4627 p.
448 4543 523 4606 677.
548 4539 693 4620 ἐντούτῳ
713 4540 748 4614 δὴ
768 4541 810 4621 τῷ
836 4538 972 4622 χρόνῳ,
998 4541 1030 4606 ἐν
1052 4537 1182 4624 dasiro
1202 4546 1352 4625 κέκτηται

164 4646 355 4726 oboriretur
377 4645 533 4730 φρόνησιν.
570 4645 735 4711 librarius
756 4652 866 4711 autem
886 4645 967 4712 bona
990 4645 1051 4714 tide
1074 4645 1179 4717 dedit:
1204 4653 1352 4736 ἐντούτῳ
