3309 5750
789 670 853 733 aot

240 864 299 934 aior
321 867 357 934 τθ
382 865 526 933 ἴπτατο
552 864 606 929 καῖ
629 857 665 928 τό
685 862 962 941 οἴπαντῶμενος
990 860 1044 926 καῖ
1067 862 1104 927 τό
1127 861 1325 937 καθεσθεὶς
1348 859 1416 927 odil

240 972 405 1053 μετοικικοῖ
419 978 475 1045 τῆς
496 968 662 1046 Ἀθηναίων
682 973 799 1049 φωνῆς.
825 979 858 1032 et
876 968 910 1032 in
928 966 981 1046 iis,
1001 989 1085 1057 quae
1105 967 1146 1033 de
1164 966 1318 1035 Socuaru
1333 988 1418 1057 quo·

242 1078 316 1143 dam
337 1077 538 1143 soloecismos
559 1074 681 1139 urbane
699 1084 852 1164 arguente
871 1074 988 1164 scripta
1007 1086 1082 1140 sunt
1102 1078 1202 1154 76,7.
1219 1074 1417 1142 irruatur

242 1186 274 1250 δὲ
293 1185 344 1248 ε’πῖ
369 1189 423 1248 τοῦ
447 1183 634 1248 πέτεσθαι
659 1186 783 1246 πολλῶν
811 1180 980 1258 λεγόντων·
1011 1177 1057 1245 ότι
1083 1182 1140 1259 μὲν
1163 1182 1228 1245 οἴπθ
1253 1185 1311 1252 τῆς
1337 1176 1419 1250 πτή-

242 1313 318 1361 σειος
341 1288 377 1353 τό
400 1286 498 1365 ὄνομα
525 1292 636 1368 σαφῶς
662 1284 765 1363 ἴσμεν.
814 1284 907 1349 Peius
928 1284 1024 1349 etiam
1047 1296 1094 1351 est
1113 1285 1325 1357 πετασθῆνοιι,
1353 1303 1418 1370 quo

244 1392 425 1459 Luctantur
447 1392 567 1458 ridebis
588 1384 732 1456 utentem
762 1385 821 1469 51,
841 1394 871 1458 6.
894 1391 1173 1471 ὑπερπετασθέντα
1198 1391 1234 1453 τὸ
1257 1388 1333 1468 ὅρος.
1382 1384 1421 1451 lu

239 1505 297 1578 lt,
319 1506 373 1566 33.
393 1521 452 1589 pro
473 1498 641 1576 πετόμενον
660 1496 797 1587 pessime
817 1498 849 1562 in
875 1497 971 1562 dest
989 1496 1163 1573 ποτώμενον
1186 1517 1223 1559 er
1245 1492 1369 1583 Epicis,
1388 1503 1421 1558 et

245 1610 281 1683 9,
303 1609 359 1683 15,
379 1609 410 1671 3.
440 1604 586 1695 plerique
607 1602 681 1669 libri
700 1606 961 1683 reparandarum
984 1600 1135 1667 exhibent
1161 1624 1221 1692 pro
1240 1598 1422 1681 παραπετό-

245 1732 351 1786 μενοι,
373 1719 405 1773 et
430 1713 485 1786 12,
507 1711 559 1773 22.
578 1728 638 1797 pro
657 1707 904 1788 περιπετομένας
925 1706 960 1770 in
980 1706 1007 1771 B
1029 1718 1076 1771 est
1096 1705 1363 1787 περιπεταμένοις.
1389 1714 1422 1769 ot

246 1820 286 1893 5,
305 1816 360 1881 21.
389 1816 660 1896 προσπετομένην,
683 1812 717 1878 in
741 1812 777 1877 d.
800 1813 1071 1893 προσπεταμένην.
1095 1824 1127 1878 et
1153 1813 1209 1889 12,
1230 1813 1291 1888 22,
1323 1832 1422 1899 quarn

244 1919 380 1985 formam
402 1920 571 1987 Lucrinus
589 1920 658 2009 ipse
678 1918 763 1985 ridet
773 1923 835 1998 60,
848 1922 907 1997 29,
924 1930 956 1983 et
970 1919 1095 2009 saepius
1105 1915 1193 1983 alibi.
1217 1915 1256 1981 In
1272 1936 1422 2005 unoquo·

245 2047 309 2116 que
328 2025 482 2116 scriptore
502 2025 609 2091 Attico
630 2025 774 2091 ridemus
795 2024 941 2091 librarios
965 2024 1079 2090 eodem
1103 2023 1200 2090 modo
1221 2022 1423 2112 omnia-per·

242 2129 382 2196 turbare,
430 2130 563 2219 Antiqui
586 2130 662 2196 libri
681 2120 712 2196 e't
725 2131 866 2221 antiqua
885 2131 1046 2196 scribendi
1068 2130 1142 2196 ritia
1164 2152 1258 2218 saepe
1280 2139 1421 2195 nostram

244 2235 399 2300 rationem
420 2235 630 2312 confirmant,
654 2257 717 2324 qua
738 2244 854 2312 πτιῑναι
875 2246 907 2300 et
926 2235 1066 2300 πτοῖσθοιι
1089 2234 1228 2324 Tragicis
1252 2244 1327 2299 sunt
1346 2254 1424 2323 pro·

244 2338 331 2430 pria,
350 2339 484 2403 πτέσθαι
506 2338 655 2404 omnibus
672 2341 728 2430 qui
746 2343 931 2432 popularem
952 2363 1130 2406 sermonem
1151 2352 1183 2405 et
1199 2338 1424 2428 quotidianum

245 2443 373 2510 dicendi
394 2466 485 2509 usum
507 2456 701 2533 sequuntur,
719 2446 869 2511 πέτεσθαι
892 2445 1041 2510 omnibus
1063 2444 1174 2510 dttiois
1191 2443 1294 2509 solum
1314 2444 1347 2508 in
1364 2464 1424 2508 usu

245 2563 311 2630 est,
345 2550 571 2636 οθπέταμαι,
595 2549 754 2629 ἴπταμαι,
779 2550 974 2627 ἐπετόσθιρν,
1010 2552 1143 2641 (quibus
1175 2550 1245 2614 faex
1273 2548 1424 2614 Graeciae

244 2655 389 2722 ἐπέτασα
410 2652 551 2732 addidit,
575 2654 639 2720 rid.
656 2655 736 2721 Lon.
757 2655 797 2722 ad
814 2656 942 2722 Punrrt.
957 2680 990 2746 p.
1003 2660 1083 2743 582)
1103 2678 1141 2720 ex
1160 2653 1300 2744 antiquis
1320 2652 1425 2719 omni·

245 2762 305 2827 bus
334 2759 447 2826 scdulo
477 2772 550 2827 sunt
581 2761 809 2851 abstergenda,
837 2762 871 2827 in
896 2763 1097 2852 sequioribus
1117 2761 1216 2852 paulo
1236 2758 1424 2825 melioribus

243 2871 310 2933 n'on
330 2867 397 2934 sine
415 2881 502 2934 certo
518 2867 676 2960 praesidio
693 2868 879 2950 retinenda,
894 2870 1012 2936 caeteri
1028 2869 1203 2960 loquantur
1219 2866 1305 2957 quod
1322 2866 1424 2934 lubet.

290 2974 411 3043 Eadem
433 2976 626 3066 negligentia
642 2977 675 3042 in
696 2977 872 3043 formarum
890 2989 1033 3045 veterum
1053 2976 1182 3043 delectu
1196 2975 1281 3066 apud
1298 2974 1425 3040 Lucu·

244 3101 316 3150 nun
345 3083 486 3148 cernitur
511 3082 545 3148 in
570 3084 669 3149 verbo
695 3082 844 3165 ἔρχομαι.
894 3082 1041 3164 Veteres,
1065 3095 1102 3148 ut
1123 3106 1218 3173 supra
1239 3080 1424 3172 diligentius

246 3188 463 3267 ostendimus,
496 3188 647 3255 dicebant
672 3188 822 3273 ἔρχομαι,
851 3189 906 3255 sed
936 3188 977 3273 ᾖα
1011 3191 1113 3279 (brevi
1135 3201 1209 3281 post
1229 3202 1332 3254 aetate
1353 3187 1424 3252 Mr-

246 3312 374 3362 aarum
396 3295 473 3381 ᾔειν)
496 3316 560 3358 non
582 3293 741 3374 ἠρχόμην,
765 3306 795 3358 et
814 3291 879 3374 εἴμι
900 3318 966 3362 non
985 3298 1155 3373 ἐλεύσομαι
1166 3343 1176 3373 ,
1201 3292 1316 3360 deinde
1333 3289 1424 3366 ἦλθον

245 3412 278 3466 et
297 3397 434 3474 ἐλήλυθα
454 3409 487 3463 et
505 3399 538 3462 iu
560 3397 698 3487 simplici
717 3397 815 3462 serbo
836 3412 868 3464 et
888 3400 922 3464 in
939 3399 1123 3490 compositis
1140 3399 1298 3463 omnibus.
1327 3397 1424 3464 Prae-

245 3517 331 3572 terea
353 3524 447 3568 nemo
468 3500 712 3584 lpxovdicebat
732 3515 788 3568 cut
806 3503 965 3585 ἐπέρχοο,
991 3505 1180 3586 προοέρχον,
1205 3503 1346 3583 εἴσέρχον
1368 3498 1424 3566 sed

246 3613 430 3678 constanter
462 3631 573 3674 omnes
606 3608 665 3682 ἴθι,
695 3605 801 3685 ἄπιθι,
830 3607 965 3689 πρόσιθι,
991 3609 1095 3683 εἴσιθι,
1123 3619 1155 3672 et
1182 3608 1297 3674 eodem
1325 3605 1424 3672 modo

245 3717 343 3797 ἴοιμι,
379 3713 429 3794 ἴοι,
460 3715 558 3789 ἴέναι,
594 3716 661 3788 ἐών,
698 3736 874 3813 numguam
910 3715 1076 3797 ἐρχόμενος
1106 3726 1161 3780 aut
1190 3714 1337 3796 ἔρχεσθαι
1370 3723 1424 3777 aut

245 3822 421 3914 quidquam
454 3818 649 3886 huiusmodi.
696 3819 809 3911 Itaque
836 3820 932 3895 ἴέναι,
966 3820 1098 3897 ἐξιέναι,
1134 3819 1276 3886 κατιέναι
1303 3815 1424 3883 babent

246 3951 305 4019 pro
338 3949 372 3991 re
403 3937 476 3990 nata
507 3938 562 3991 eut
589 3927 764 4017 praesentis
789 3926 940 4016 temporis
960 3937 1016 3991 aut
1035 3926 1136 3992 loturi
1157 3924 1424 4016 significationem

246 4044 279 4098 et
306 4053 417 4109 usum,
451 4031 544 4096 sicuti
569 4044 601 4097 et
632 4032 837 4123 participium
870 4032 971 4110 ἐξιόν,
1000 4033 1118 4108 οἴπιοῖν,
1145 4034 1280 4104 κατιών,
1306 4031 1423 4111 παριών

246 4150 326 4207 caet.
347 4159 406 4228 pro
427 4136 544 4226 quibus
564 4137 713 4204 Graeculi
730 4141 848 4204 ἴθιῶται
864 4138 1016 4204 dicebant
1031 4140 1233 4221 ἐξερχόμενος
1252 4149 1284 4203 et
1299 4137 1423 4214 ἐξελευ-

242 4244 374 4323 Ισθμενος
405 4253 437 4306 et
467 4240 616 4307 similiter
645 4243 677 4306 in
710 4244 842 4309 caeteris
879 4245 919 4334 ad
951 4268 1052 4310 unum
1082 4246 1239 4312 omnibus.
1297 4240 1425 4308 Eruditi

247 4348 415 4414 Atticistae
435 4346 618 4438 saepissime
638 4346 682 4411 ita
702 4347 941 4437 loquebantur,
963 4362 999 4414 ut
1021 4350 1105 4440 apud
1130 4363 1248 4417 soteres
1269 4349 1424 4440 scriptum

245 4455 404 4543 legerant,
430 4454 483 4519 sed
504 4454 579 4544 quia
600 4476 666 4519 non
688 4453 812 4519 nativus
831 4454 869 4519 iis
888 4454 941 4520 bic
963 4478 1036 4521 usus
1057 4469 1125 4522 erat
1142 4469 1175 4522 et
1194 4457 1329 4523 maxima
1351 4476 1425 4544 pers

248 4560 364 4652 populi
388 4558 481 4625 aliter
500 4560 624 4626 solebat
644 4561 766 4640 dicere,
784 4575 897 4628 natura
917 4561 1095 4629 doctrinam
1116 4563 1264 4630 vincebat
1281 4573 1314 4627 et
1334 4559 1425 4625 dela·

247 4665 408 4731 bebantur
423 4665 600 4735 identidem
619 4668 659 4736 ad
675 4669 839 4761 vulgarem
860 4672 952 4735 usum
968 4670 1173 4761 popularium
1191 4667 1351 4746 omnium,
1367 4664 1426 4758 qni

248 4795 314 4840 non
334 4770 429 4841 docte
446 4772 532 4840 κατόν
552 4775 606 4842 τόν
625 4776 762 4860 οἴρχαῖον
782 4775 917 4856 κανόνα,
938 4775 1169 4852 seditionarii
1189 4777 1275 4844 inter
1290 4798 1323 4842 se
1345 4795 1424 4842 oon-
