3309 5750
822 618 888 682 287

668 954 670 958 f
728 870 895 941 CAPUT
929 869 972 939 ll.

308 1131 410 1200 Venio
438 1152 524 1197 nunc
551 1130 592 1196 ad
613 1151 733 1196 norum
761 1126 1019 1193 observationum
1038 1150 1157 1221 genus,
1187 1128 1274 1219 quod
1296 1130 1435 1221 pertinet

256 1237 301 1304 ad
330 1236 517 1328 expellenda
547 1233 779 1311 additamenta,
812 1232 1103 1321 interpretamentav
1126 1244 1159 1297 et
1185 1234 1433 1326 cuiuscumque·

257 1344 348 1409 modi
376 1343 587 1421 emblemata,
619 1364 701 1431 quae
722 1351 917 1405 correctores
937 1350 969 1404 et
988 1338 1124 1403 lectores
1145 1337 1250 1403 inritis
1270 1341 1433 1430 scriptori-

257 1448 317 1521 bus
346 1448 517 1516 obtrudere
547 1447 661 1513 solent.
711 1445 829 1511 Nullus
862 1444 998 1534 scriptor
1028 1444 1166 1510 Graccus
1192 1456 1246 1509 aut
1271 1446 1434 1511 Romanus

259 1576 325 1619 uon
354 1566 401 1620 est
430 1554 546 1643 passim
566 1551 746 1640 istiusmodi
767 1550 891 1616 mendis
911 1562 942 1615 et
961 1550 1096 1615 maculis
1117 1550 1302 1639 inquinatus
1322 1564 1354 1616 et
1375 1577 1434 1643 op·

258 1658 385 1747 pletas,
417 1658 687 1748 quemadmodum
717 1658 824 1731 nullus
851 1656 1085 1747 propemodum
1106 1668 1153 1721 est
1173 1656 1255 1721 liber
1276 1657 1433 1747 scriptuS,

254 1764 378 1852 inquo
398 1788 462 1830 non
483 1776 634 1855 appareat
656 1763 713 1829 illa
734 1762 928 1841 annotandi,
951 1762 1140 1853 supplendi,
1164 1756 1360 1851 corrigendi,
1381 1766 1432 1829 in·

260 1869 457 1957 terpretandi
476 1867 691 1947 consuetudo,
709 1891 773 1958 que
793 1868 919 1933 Veteres
939 1892 1048 1933 omnes
1068 1870 1153 1933 inter
1171 1869 1342 1958 legendum
1360 1882 1433 1936 ute·

250 1973 381 2039 bantur.
423 1974 467 2040 Ut
484 1976 645 2064 cuiusque
665 1974 790 2040 animus
812 1973 952 2039 lectione
972 1986 1210 2053 commoretur,
1229 1976 1273 2040 ita
1291 1975 1324 2041 in
1348 1999 1433 2040 mar·

251 2079 327 2167 gine
357 2080 503 2169 appingit
533 2086 657 2159 seteis,
695 2082 821 2161 άρκῖον,
859 2080 1031 2161 Oporinos,
1065 2081 1187 2157 οὶςεῖοο,
1220 2092 1275 2145 aut
1308 2080 1428 2171 aliquid

254 2184 439 2250 huiusmodi
465 2206 530 2272 quo
561 2183 644 2248 lecta
673 2185 808 2273 probet3
840 2206 1084 2272 nonnumquam
1113 2195 1145 2249 et
1170 2184 1432 2274 indignabundus

257 2288 447 2378 obloquitur
469 2288 616 2377 scriptori
636 2301 668 2353 et
689 2289 780 2378 quasi
800 2310 874 2353 cum
894 2311 934 2365 eo
956 2289 1197 2377 colloqueretur
1218 2290 1350 2380 ¹reponit
1372 2290 1433 2355 ali·

249 2394 334 2484 quid
364 2394 414 2462 rel
442 2416 515 2460 cum
545 2391 741 2473 c'onvici01,
770 2405 826 2459 aut
847 2394 931 2483 quod
957 2394 1033 2483 legit
1053 2417 1126 2460 cum
1149 2397 1212 2461 suis
1233 2399 1432 2487 temporibus

252 2511 418 2591 comparat
445 2511 479 2563 et
508 2498 671 2589 querelam
701 2499 887 2588 apponit2,
917 2499 1058 2589 denique
1086 2501 1237 2566 omnibus
1267 2502 1370 2567 modis
1395 2515 1431 2568 ut

249 2606 338 2671 inter
365 2606 534 2696 legendum
564 2605 689 2671 animus
720 2606 851 2671 affectus
878 2604 993 2684 fuerit,
1021 2606 1133 2697 paucis
1157 2608 1188 2672 in
1208 2608 1351 2697 margine
1373 2610 1431 2674 ad·

249 2713 372 2778 scribit.
424 2712 509 2778 Alias
539 2711 597 2776 toti
618 2710 745 2775 suntin
768 2710 1032 2800 interpretatione
1054 2709 1227 2777 verborum
1246 2724 1278 2777 et
1299 2727 1429 2782 senten·

251 2818 382 2898 tiarum,
414 2816 575 2886 vocabulis
601 2816 838 2907 antiquioribus
856 2828 889 2882 et
909 2816 1061 2883 obsoletis
1085 2817 1274 2885 adscribunt
1292 2843 1373 2887 nova
1395 2833 1426 2887 et

248 2940 345 3006 nota,
378 2928 494 3017 quibus
522 2948 671 3016 praesens
700 2936 786 2993 aetas
816 2935 977 3005 uteretur3
1010 2924 1036 2988 si
1060 2923 1139 3014 quid
1161 2925 1326 2992 obscurius
1347 2929 1426 2993 scri·

249 3045 342 3125 ptum
360 3034 489 3101 ridetur
507 3031 734 3125 interpolando
754 3031 927 3121 expediunt
947 3029 1084 3110 scilicet3
1103 3031 1129 3097 si
1148 3033 1227 3121 quid
1246 3045 1293 3099 est
1315 3047 1426 3123 arguta

248 3137 403 3203 brevitate
430 3137 571 3218 dictum,
598 3136 640 3203 de
666 3159 723 3202 suo
748 3137 901 3227 supplent
927 3135 1065 3226 aliquid;
1098 3137 1124 3202 si
1146 3151 1277 3228 quaest
1306 3140 1428 3231 ellipsis

248 3243 423 3331 elegantior
443 3242 488 3306 ita
507 3241 634 3330 explere
656 3241 796 3320 ridebis,
820 3255 856 3308 ut
876 3243 1038 3337 magistris¹
1053 3242 1195 3324 videtum
1214 3246 1347 3336 siquod
1366 3272 1429 3314 no·

248 3369 342 3425 men,
365 3348 473 3436 siqua
492 3347 656 3437 respsulo
677 3347 783 3413 minus
805 3361 882 3413 nota
903 3361 1188 3429 commemoratur,
1211 3363 1361 3441 paratum
1376 3365 1424 3418 est

245 3454 577 3542 interpretameptum.
630 3452 777 3542 Denique
806 3453 865 3519 ubi
899 3453 1055 3543 scriptura
1086 3454 1210 3520 laborat
1240 3455 1423 3523 incredibili

249 3559 382 3626 audacia
401 3571 432 3624 et
454 3560 634 3625 temeritate
654 3570 836 3649 grassantur
850 3570 883 3624 et
901 3556 919 3623 d
936 3583 966 3624 rr
986 3582 1044 3624 κεν.
1057 3560 1108 3624 ἐπ’
1124 3560 1298 3641 ἀκαιρίμαν
1316 3567 1421 3640 γλῶτ-

255 3731 484 3748 *—

278 3812 298 3882 1)
314 3814 461 3864 smmis
479 3810 586 3862 Oresten
604 3809 730 3859 dicentem
746 3808 806 3858 facit
823 3809 850 3858 in
867 3807 1018 3872 cognomine
1033 3807 1176 3872 tragoedn
1191 3823 1228 3859 aa.
1247 3811 1307 3859 547.

497 3895 564 3946 atreo
583 3893 614 3946 δὲ
630 3896 735 3962 πατρὸς
752 3896 849 3945 τέκνον
866 3893 916 3945 οὐκ
934 3894 980 3962 εἴη
997 3889 1060 3945 ποτ’
1080 3891 1124 3944 ἄν.

242 3984 270 4034 in
288 3981 380 4034 coaice
396 3983 506 4048 quodam
523 3982 636 4031 additur:

497 4064 563 4116 ἄνευ
582 4063 612 4114 δὲ
631 4067 732 4134 μητρὸς
749 4062 819 4126 πῶς,
839 4061 962 4131 κάθαρμ’
978 4061 1139 4130 Εὐριπίδη,

240 4161 266 4200 et
283 4164 357 4214 saepe
374 4149 492 4200 monachi
511 4150 646 4199 romanon
669 4157 694 4199 et
716 4150 861 4200 anrssosr
885 4148 1003 4198 conviciis
1028 4148 1192 4198 insectentur·
1216 4161 1268 4197 non
1286 4164 1344 4198 rara
1360 4157 1419 4201 sunt

241 4220 261 4284 oi
281 4236 436 4302 surripere,
458 4217 477 4280 ai
494 4231 639 4300 κάθαρμα,
658 4250 677 4280 ω
669 4229 832 4299 ἀλιτήριε,
847 4215 868 4280 oi
882 4253 911 4293 μο
914 4233 978 4298 oapi,
996 4228 1015 4279 ai
1033 4231 1116 4297 γόης,
1134 4214 1155 4278 ei
1170 4233 1283 4293 μάταιε,
1302 4251 1322 4282 ω
1314 4231 1417 4296 κύον

236 4321 329 4387 quibus
353 4321 411 4384 piae
434 4320 534 4369 animae
557 4319 585 4368 in
608 4331 681 4368 eacus
703 4319 841 4368 sentientes
864 4318 1057 4368 debacchantur.
1092 4317 1164 4368 Sic
1156 4333 1184 4367 rn
1207 4317 1324 4379 Scholia,
1346 4322 1416 4385 quod

237 4406 328 4457 Editor
344 4405 430 4469 legere
446 4419 498 4455 non
516 4403 597 4468 potuit
613 4404 658 4452 sed
674 4409 809 4468 utcumque
827 4402 915 4451 duetus
931 4402 1073 4451 litterarum
1094 4400 1231 4452 delineavit
1247 4417 1272 4467 p.
1291 4406 1357 4464 217,
1381 4404 1415 4454 le·

237 4492 317 4555 gitur:
338 4491 417 4551 κὺον,
437 4489 492 4545 πῶς
510 4489 665 4554 σολοικίζων
681 4489 732 4537 οῦν
750 4486 798 4536 οὐκ
816 4485 899 4550 tyrse
914 4486 962 4535 τὸν
979 4485 1193 4549 superpartientes
1209 4487 1365 4553 npwsporm

274 4570 295 4640 ²)
314 4573 357 4624 Sic
374 4572 511 4622 monachus
528 4573 555 4621 in
573 4571 676 4622 Scholia
691 4571 727 4621 ad
743 4571 888 4621 Lucrinum
908 4585 932 4634 p.
952 4573 994 4619 94.
1012 4570 1194 4620 monachorum
1208 4585 1268 4621 suae
1285 4571 1373 4619 aetatis
1391 4580 1416 4622 et

239 4656 411 4721 episcoporum
426 4668 510 4705 mores
526 4655 677 4719 pereningit.
712 4654 745 4706 In
762 4653 904 4707 erosaoms
921 4653 978 4703 loco
994 4650 1024 4700 de
1040 4649 1144 4719 Legibus
1160 4654 1210 4706 ΠΙ.
1227 4657 1256 4714 θ,
1276 4655 1300 4705 7.
1317 4653 1417 4705 caetea

240 4756 293 4792 esse
305 4738 458 4806 mutes,
476 4741 563 4793 raised
577 4739 697 4794 monwbi
712 4740 872 4793 adscribunt:
889 4735 981 4806 optima
998 4735 1043 4789 toa.
