3309 5750
885 640 926 702 76

317 817 388 901 golt
409 825 440 881 et
463 814 603 900 exagitat
623 812 877 899 impudentiam,
902 825 995 901 saepe
1017 812 1138 880 urbane
1159 822 1190 881 et
1211 817 1315 882 iocose
1337 817 1392 883 sed
1417 838 1501 884 mor·

319 920 502 987 dacioribus
526 919 619 996 iociS,
650 921 778 1007 saepius
798 917 1058 1006 indignabundus
1079 927 1111 987 et
1135 922 1254 1000 iratus,
1286 931 1322 989 ut
1358 933 1500 991 oontem-

318 1035 373 1092 tus
403 1034 553 1113 appareat
576 1033 607 1091 et
640 1025 760 1091 odium.
808 1024 918 1102 ldem,
942 1034 978 1092 ut
1005 1034 1129 1112 oportet
1149 1028 1301 1093 vitiorum
1324 1049 1448 1095 osorem
1469 1040 1502 1097 et

320 1134 565 1207 insectatorem,
599 1151 726 1197 summa
759 1152 816 1217 ope
841 1132 979 1207 nititur,
1005 1153 1045 1198 ne
1075 1131 1152 1218 quid
1175 1133 1406 1200 eiusdemmodi
1435 1136 1505 1223 ipsc

319 1238 521 1311 committat;
545 1235 693 1312 imbibit,
718 1243 875 1321 quantum
900 1238 1027 1323 potuit,
1052 1246 1197 1304 veterum
1228 1240 1362 1304 nitidam
1384 1249 1417 1307 et
1438 1249 1502 1308 ter·

320 1363 388 1407 sam
433 1341 627 1418 dictionem,
666 1342 827 1427 cogitandi
867 1343 1093 1417 serenitatem,
1131 1341 1281 1428 loquendi
1317 1346 1500 1413 sanitatem.

319 1447 409 1529 Quod
433 1447 504 1511 aliis
527 1445 640 1511 suadet
663 1455 695 1511 ct
718 1448 943 1524 commendat,
979 1449 1047 1533 ipse
1077 1450 1203 1534 primus
1234 1451 1357 1515 intento
1393 1452 1503 1517 studio

249 1579 253 1586 ¹
316 1553 457 1640 peregit:
483 1571 579 1637 quam
603 1552 687 1617 viam
711 1551 839 1637 longam
864 1560 896 1618 et
918 1553 1053 1618 arduam
1073 1554 1114 1619 ad
1132 1573 1242 1619 reram
1267 1554 1394 1619 dicendi
1423 1558 1502 1622 scri·

316 1658 476 1744 bendiqtte
503 1657 629 1723 laudem
654 1657 818 1724 contendit
849 1658 947 1723 solam
973 1655 1112 1737 ducere,
1147 1660 1310 1744 cumipse
1342 1659 1502 1728 indefesso

316 1763 423 1829 labore
444 1777 594 1828 emensus
616 1771 682 1840 est,
704 1782 808 1849 neque
835 1781 1005 1829 aerumnas
1026 1773 1192 1850 pertaesus
1215 1783 1318 1849 neque
1338 1766 1501 1851 imperito·

316 1881 392 1934 rum
416 1868 538 1952 portulis
558 1868 753 1944 deterritus,
768 1889 871 1956 neque
891 1868 1008 1935 stultae
1028 1869 1246 1935 multitudinis
1264 1870 1384 1935 iudicio
1408 1873 1500 1957 quid·

315 1993 415 2060 quam
439 1974 603 2050 tribuens,
627 1972 679 2038 sed
703 1974 880 2041 suo-iretus
900 1982 1045 2040 veterum
1073 1975 1209 2040 lectione
1231 1975 1373 2041 subacto.
1398 1978 1498 2045 llulta

317 2086 394 2143 sunt
415 2078 499 2164 apud
528 2097 602 2144 cum
627 2078 666 2143 de
697 2099 734 2144 eo
763 2088 954 2165 argumento
988 2080 1115 2164 egregie
1146 2079 1231 2145 dicta
1255 2089 1287 2146 et
1310 2093 1501 2168 praecepta,

316 2205 355 2250 ex
374 2185 491 2270 quibus
510 2202 611 2249 unum
632 2184 823 2250 adscribam.
872 2186 968 2251 llocct
993 2185 1188 2250 bnxtmnnnu
1212 2186 1356 2275 (ὄψι)
1389 2210 1499 2275 quem·

316 2289 489 2354 admodum
515 2289 594 2356 bene
616 2289 777 2355 scribendi
805 2290 988 2356 facultatem
1015 2290 1075 2355 sibi
1097 2300 1274 2377 comparet:
1306 2292 1501 2375 ἀρξθμενος,

316 2396 447 2481 inquit,
469 2396 532 2460 ἀτθ
556 2402 615 2461 τῶν
632 2396 743 2478 ἀρίςοον
763 2403 894 2471 ποιητῶν
917 2396 970 2461 ent
991 2398 1059 2461 ὑτθ
1082 2396 1332 2471 διδασκάλοις
1357 2402 1500 2476 αὐτοὺς

315 2502 510 2580 ἀναγνοὺς
531 2500 631 2580 μθτιθι
655 2502 705 2567 tort
730 2503 801 2575 τοὺς
832 2504 958 2583 ῥήτοροις
979 2501 1031 2566 κοιὶ
1056 2511 1094 2584 τῇ
1118 2502 1237 2567 ἐκείνων
1261 2509 1347 2586 Φοινῇ
1372 2528 1500 2588 τυντοοι·

316 2610 389 2690 <bele
414 2609 464 2674 ἔτι
484 2608 527 2672 τά
552 2608 732 2673 Θονκνδιθοιι
746 2607 797 2672 nol
819 2606 986 2680 Πλάτιονος
1009 2608 1039 2671 ἐν
1058 2610 1152 2689 ιιοιιρῷ
1178 2607 1297 2685 μέτιθι,
1319 2611 1500 2677 montelauri

316 2723 356 2797 τῇ
378 2723 461 2796 κοιλῇ
481 2711 623 2794 κωμῳδίᾳ
640 2711 692 2777 ool
713 2720 751 2792 τῇ
769 2721 867 2794 σεμνῇ
888 2713 1045 2795 τροινῳδθοι
1067 2712 1389 2792 ἐγγεγυμνασμένος·
1413 2719 1502 2800 κοινοὶ

317 2820 381 2901 obp
404 2818 518 2885 τούτων
549 2814 679 2882 ἀτοιντοι
706 2818 748 2882 τά
772 2816 913 2886 κάλκιςοι
944 2815 1194 2897 ἀπανθισάμενος
1221 2818 1283 2884 ἔτει
1311 2843 1358 2894 τις
1386 2823 1418 2886 ἐν
1450 2823 1501 2889 λθ-

314 2944 396 3002 porc.
445 2924 524 3002 Quis
548 2930 655 2987 autem
686 2921 745 2986 boc
765 2923 881 2986 melius
902 2931 933 2987 et
955 2923 1141 3007 diligentius
1171 2922 1247 2989 lecit
1275 2946 1372 3011 quant
1393 2928 1500 2995 Lucu·

318 3052 374 3097 nns
407 3031 491 3116 ipse,
524 3028 579 3114 qui
608 3026 729 3091 nullam
760 3026 856 3090 aliam
894 3026 1020 3092 laudem
1052 3030 1159 3093 acrius
1188 3032 1307 3116 expetit
1334 3052 1432 3116 quana
1463 3043 1500 3100 ut

317 3137 388 3202 illos
421 3134 557 3199 feliciter
587 3130 735 3197 videatur
765 3130 904 3196 referre?
959 3132 1062 3213 Quam
1096 3135 1139 3199 sil
1173 3133 1256 3200 idem
1292 3135 1430 3222 diligens
1468 3148 1501 3205 et

317 3243 433 3309 anxius
456 3239 610 3304 orationis
630 3254 726 3302 sanae
746 3244 778 3302 et
795 3239 942 3323 propriae
965 3246 1095 3305 exactor
1117 3239 1382 3326 observaturque,
1400 3264 1499 3329 quarn

317 3348 466 3416 lubenter
486 3346 519 3410 in
541 3341 727 3409 huiusmodi
758 3352 949 3429 argumento
976 3353 1137 3421 versetur,
1162 3353 1196 3410 ut
1226 3366 1321 3410 usum
1349 3347 1499 3435 loquendi

316 3462 412 3521 acute
436 3450 567 3517 deliniat
590 3456 621 3514 et
652 3447 749 3535 proba
773 3468 790 3514 a
815 3451 939 3516 vitiosis
972 3451 1041 3515 sine
1070 3451 1200 3537 ineptiis
1221 3450 1423 3537 distinguat,
1450 3457 1499 3521 vel

315 3579 401 3626 unus
429 3555 555 3623 libellus
587 3553 713 3620 abunde
745 3553 966 3621 demonstrare
993 3557 1113 3641 possit,
1146 3557 1202 3640 qui
1225 3558 1452 3640 ψευδοσοφιτὴς
1480 3564 1499 3639 ἣ

316 3665 486 3740 οοκοικιςθς
511 3660 708 3726 inscribitur.
756 3659 847 3739 Quod
870 3660 903 3723 in
935 3661 1005 3724 eius
1034 3660 1106 3723 libri
1138 3660 1201 3725 line
1231 3663 1382 3747 scripsit,
1415 3674 1500 3751 post·

315 3786 413 3856 quam
443 3764 598 3849 exemplis
623 3763 850 3848 complusculis
882 3772 1052 3849 aperuerat
1081 3782 1119 3829 cx
1148 3784 1209 3829 usu
1238 3776 1382 3833 veterum
1409 3779 1500 3837 certa

313 3872 504 3939 discrimina
522 3867 713 3944 verborum,
742 3867 860 3951 quibus
884 3869 1031 3954 aequales
1051 3886 1160 3935 omnes
1182 3873 1365 3955 promiscue
1385 3875 1498 3944 abute-

290 3972 456 4053 bantur,
487 3973 573 4039 viam
608 3971 688 4037 milri
717 3973 837 4058 optime
865 3975 991 4038 muniet
1024 3973 1063 4039 ad
1096 3974 1129 4039 id
1160 3975 1245 4061 quod
1276 3977 1499 4048 demonstrare

315 4102 409 4171 paro:
431 4084 558 4153 τοιῢτοι,
590 4078 699 4163 iuquit
735 4078 813 4166 (76,
845 4077 1013 4167 ιο),1οος
1039 4083 1096 4160 μὲν
1120 4083 1399 4163 ὑποσυγκέχυται,
1424 4087 1498 4161 icore

315 4190 347 4256 δὲ
368 4187 420 4253 nni
442 4185 626 4267 ἀκριβοῦτοοι
651 4182 837 4265 κομίτιον,
863 4184 988 4263 βέλτιον
1008 4185 1039 4250 δὲ
1056 4187 1091 4251 τθ
1114 4188 1263 4267 ἀκριβοῦν
1286 4189 1398 4271 tocco.
1433 4192 1499 4258 lloc

314 4297 421 4380 ipsum
446 4293 478 4356 in
504 4292 572 4376 ipso
600 4289 730 4355 Locrano
753 4290 934 4355 luculenter
952 4293 1107 4356 cernitur.
1157 4291 1189 4357 st
1214 4293 1290 4376 quid
1318 4294 1357 4360 de
1381 4316 1498 4380 genem

314 4399 375 4466 lroo
398 4404 544 4463 notatum
574 4403 606 4460 et
630 4395 832 4461 observatum
853 4394 1006 4472 baberet,
1036 4416 1098 4461 non
1120 4397 1153 4460 in
1182 4405 1331 4464 naturam
1352 4402 1498 4468 vertebat

315 4504 370 4571 sed
394 4501 567 4568 identidem
596 4500 783 4587 imprudens
803 4499 842 4565 ad
866 4499 1048 4586 aequalium
1072 4500 1298 4585 negligentiam
1319 4506 1423 4573 delabi
1448 4530 1496 4573 so·

314 4609 408 4676 lebat.
445 4604 536 4693 tlpud
561 4609 722 4692 sequiores
745 4607 840 4671 innuo
858 4615 942 4690 potet
963 4605 1084 4671 dicitur
1106 4608 1239 4690 ἀνέῳγεν
1264 4614 1281 4686 ἡ
1304 4612 1496 4699 θθροι,οριιι1

312 4714 452 4790 veteres,
482 4713 507 4776 si
535 4711 661 4798 quando
692 4711 826 4794 ἀνέῳγεν
850 4713 1013 4790 occurrit,
1045 4713 1268 4798 imperiectum
1293 4725 1341 4782 est
1370 4719 1494 4802 signill-
