3309 5750
812 626 878 689 278

264 836 318 902 32.
341 830 454 907 θιπειμι
475 837 508 893 et
528 824 656 902 acciretur
677 831 711 886 et
737 825 773 898 5,
805 821 857 885 10.
879 814 1056 891 κατέθηκαν
1075 827 1108 882 et
1123 818 1283 895 μεθῆκαν.
1307 837 1375 883 nco
1394 818 1449 885 dn·

262 934 433 1005 bitandum
470 932 549 1023 quin
578 933 641 1008 72,
670 932 702 994 2.
734 948 794 1015 pro
824 923 1022 1003 πανηγύριας
1056 921 1213 999 ἀποδέξαι
1244 920 1447 1012 reliquorum

263 1042 411 1133 exemplo
440 1036 614 1112 καταδέξκι
635 1031 795 1122 scripserit
815 1030 1013 1119 quicumque
1033 1026 1123 1093 istius
1142 1026 1254 1092 libelli
1277 1043 1378 1121 pater
1394 1042 1447 1111 est;

265 1148 341 1217 hinc
373 1146 471 1213 etiam
493 1140 630 1209 stabiliri
650 1148 757 1230 potest
776 1136 865 1226 quod
888 1140 944 1213 ll,
963 1137 1016 1199 24.
1043 1156 1102 1224 pro
1122 1134 1336 1211 ἀποτοξεύσω
1360 1159 1445 1229 repo·

262 1254 315 1322 'oui
337 1250 573 1327 κατατοξεύσω.

310 1358 416 1448 Sigla,
451 1377 534 1444 quac
562 1350 648 1418 κατοθ
679 1349 853 1438 significat,
889 1365 1133 1435 nonnumquam
1170 1366 1188 1407 a
1221 1342 1445 1439 taehygraphlr

265 1460 472 1551 distinguitur
494 1458 619 1523 duobus
641 1456 767 1546 punctis
788 1454 829 1517 ab
848 1475 905 1528 ea,
936 1473 1001 1540 qua
1019 1448 1084 1515 οἱπθ
1105 1449 1325 1520 scribebatur.
1376 1453 1446 1521 Vide

266 1570 334 1639 eius
361 1568 495 1655 liguram
526 1566 558 1629 in
590 1562 728 1628 Scholiis
758 1560 900 1626 Locrrrr
929 1555 1159 1621 alrcontraro
1182 1556 1280 1623 editis
1302 1582 1338 1648 p.
1360 1561 1402 1625 73
1419 1570 1445 1625 et

267 1679 345 1743 259.
380 1673 436 1737 ubi
471 1693 553 1760 quae
582 1671 688 1758 legere
717 1690 781 1733 non
814 1673 990 1756 potuerunt
1025 1673 1202 1751 utcumque
1235 1663 1445 1732 delinearunt

244 1780 354 1869 ¹Lege
372 1802 403 1867 p.
425 1780 477 1842 73.
501 1777 569 1841 οὐδὲ
589 1778 644 1848 την
670 1774 796 1853 περόνην
818 1772 862 1842 εἰς
887 1769 1006 1849 κόρακα
1029 1768 1198 1832 ἀνατείνων
1224 1770 1321 1835 ἄλλα
1350 1770 1446 1837 κατὰ

266 1890 305 1954 πο
329 1885 498 1963 ἔμπροσθεν
524 1879 755 1958 συναγόμενος,
784 1886 908 1966 etpost
931 1866 1132 1964 pancadam
1159 1871 1213 1937 καὶ
1237 1879 1292 1939 νῦν
1318 1876 1333 1940 ὁ
1355 1876 1447 1954 βατι-

268 1991 343 2063 λεὺς
367 1987 419 2053 καὶ
443 1987 468 2050 οἱ
495 1983 650 2063 πατρίκιοι
677 1983 779 2046 κατα
799 1983 871 2053 τοὺς
895 1980 1038 2061 ε’φετθονρ
1058 1981 1310 2059 χρηματισμοὺς
1328 1980 1445 2046 aldioni

269 2097 422 2178 χρῆσθαι,
450 2101 482 2156 et
502 2115 536 2181 p.
556 2092 631 2153 259.
663 2088 698 2153 τὸ
727 2088 784 2165 μὲν
814 2086 878 2167 γὰρ
900 2083 1097 2165 οὶοαφέςερον
1124 2086 1371 2160 καταςηοεται
1398 2085 1446 2150 τὸν

268 2199 380 2279 λθγον,
414 2195 547 2277 παρθτον
575 2198 628 2258 τοῦ
655 2190 847 2274 πρθμματθς
875 2192 920 2259 ε’ςι
949 2186 1157 2266 σημαντικόν,
1192 2200 1225 2254 et
1255 2212 1335 2256 mox
1362 2194 1444 2255 τοῦτο

272 2302 336 2385 μοθρ
363 2304 444 2375 ε’ςιν,
478 2302 516 2372 ὡς
546 2299 598 2364 καὶ
625 2295 786 2379 φθοένομεν
810 2294 1034 2375 παραθέμενοι,
1068 2305 1100 2358 et
1127 2291 1205 2358 οὕτω
1230 2294 1296 2375 γὰρ
1320 2317 1447 2375 μετατι·

272 2408 395 2488 θέμενον
419 2405 606 2485 εὑρίσκεται.
657 2401 763 2490 Turpe
792 2412 840 2466 est
865 2397 999 2465 (lodices
1020 2397 1200 2465 describere
1220 2398 1331 2481 velle,
1355 2421 1448 2491 quum

272 2536 314 2581 ne
334 2511 413 2578 haec
433 2510 564 2600 quidem
586 2507 747 2573 tritissima
767 2505 916 2595 expedire
938 2505 1048 2594 pessis.
1071 2563 1074 2568 .

320 2616 487 2683 Interdum
517 2615 614 2682 simili
641 2614 681 2679 de
711 2635 804 2680 causa
832 2609 898 2676 θπθ
922 2622 954 2675 et
975 2613 1010 2676 ἐκ
1031 2611 1114 2675 inter
1131 2632 1164 2676 se
1188 2609 1449 2687 confunduntur,

276 2735 312 2789 nt
340 2746 423 2788 noro
450 2720 596 2810 exemplo
625 2730 755 2809 apparet
779 2718 812 2782 in
839 2719 975 2794 10,19,
999 2718 1026 2781 1.
1051 2718 1086 2782 τὲ
1108 2724 1293 2798 τοιγαροῦν,
1322 2712 1450 2782 duric-

273 2852 366 2912 παρι,
390 2831 445 2893 οὐκ
468 2828 582 2908 οὶφητω
609 2825 672 2890 ἀπὸ
696 2825 756 2888 τῶν
779 2829 905 2904 χειρῶν,
930 2843 996 2887 non
1016 2846 1039 2886 a
1059 2822 1210 2888 manibus
1228 2821 1286 2888 sed
1307 2844 1327 2889 e
1347 2822 1450 2888 moni·

275 2938 351 3015 dua,
370 2937 405 2999 ἐκ
428 2937 487 2995 τῶν
507 2935 633 3010 χειρῶν,
655 2927 827 2995 dicendum
849 2938 911 3004 est,
935 2939 971 2991 ut
993 2930 1045 3004 lt,
1062 2930 1113 2992 lt.
1136 2930 1191 2992 οὐκ
1214 2911 1332 3005 ἀνῆκεν
1347 2930 1449 2996 term

274 3030 413 3119 θνθχων,
437 3036 493 3101 ubi
514 3035 641 3124 requiro
661 3057 726 3101 non
746 3039 899 3113 remisit,
922 3034 976 3099 sed
1000 3036 1133 3099 dimisit
1156 3037 1294 3117 ἀφῆκεν.

321 3140 370 3207 lte
398 3140 485 3221 παρα
511 3152 543 3205 et
569 3140 639 3220 περί
662 3138 779 3205 millies
800 3138 941 3204 conlusis
959 3161 1023 3203 non
1043 3151 1089 3204 est
1112 3161 1225 3228 operae
1244 3139 1388 3228 pretium
1406 3137 1452 3205 di·

275 3269 359 3319 cere.
408 3242 475 3328 Qua
504 3256 578 3310 nota
601 3244 795 3323 scribantur,
825 3267 922 3334 quam
943 3243 1056 3323 simili,
1081 3266 1178 3334 quam
1199 3266 1302 3334 prope
1325 3245 1451 3323 eadem,

276 3353 418 3422 Basilus
447 3349 595 3416 subiiciet
626 3350 738 3417 oculis.
786 3349 916 3415 tutum
945 3361 992 3416 est
1022 3349 1143 3438 ubique
1172 3350 1452 3440 exemplornmin

278 3459 432 3549 scriptore
461 3457 626 3547 quolibet,
657 3456 690 3522 in
721 3456 836 3548 quovis
857 3453 996 3535 (lodice,
1025 3468 1058 3521 et
1076 3455 1110 3521 in
1131 3454 1199 3545 ipsa
1218 3459 1452 3548 praepositione

278 3578 310 3633 et
340 3566 373 3630 in
405 3564 509 3630 verbis
536 3565 739 3655 cumpositis,
771 3562 852 3628 adeo
881 3575 918 3627 ut
947 3563 1068 3652 ubique
1098 3562 1180 3627 sitne
1204 3563 1293 3643 παροθ
1317 3587 1360 3628 an
1387 3559 1452 3642 περί

277 3670 483 3741 scribendum
511 3692 549 3743 ex
575 3693 637 3737 usu
654 3667 809 3760 loquendi
831 3667 1052 3758 colligendum
1072 3667 1112 3733 sit
1131 3680 1163 3733 et
1183 3668 1387 3763 singulorum
1407 3665 1464 3734 lo-'

277 3799 395 3844 corum
411 3774 552 3853 ratione,
581 3798 646 3839 non
668 3797 704 3839 ex
726 3772 883 3839 librorum
903 3773 986 3851 lide,
1015 3796 1096 3864 quae
1116 3773 1217 3838 sutilis
1239 3786 1288 3838 est
1307 3775 1344 3840 in
1365 3797 1403 3841 ea
1421 3793 1454 3839 re

280 3894 312 3949 et
341 3879 468 3946 Punica.
517 3880 572 3945 usi
602 3878 664 3944 hoc
692 3901 824 3969 quoque
853 3901 952 3970 genus
979 3902 1122 3944 errorum
1149 3881 1303 3970 perfacile
1328 3881 1370 3946 ad
1401 3879 1456 3946 de·

278 3983 562 4079 prehendendum,
597 3984 750 4072 quoniam
778 3985 865 4065 παρα
896 3997 927 4049 et
958 3987 1028 4066 περί
1056 3986 1138 4051 nihil
1165 3985 1287 4051 habent
1313 3987 1402 4053 inter
1425 4009 1455 4053 ee

278 4112 452 4158 commune
478 4099 510 4152 et
531 4100 595 4153 tam
617 4089 786 4177 perspicuo
806 4112 904 4177 quam
925 4103 1012 4155 certo
1036 4092 1222 4158 discrimine
1239 4104 1313 4158 sunt
1337 4095 1456 4183 ubique

278 4197 434 4272 diremta‚
458 4193 554 4259 modo
584 4195 656 4284 quis
676 4195 818 4260 animum
841 4220 933 4262 sunm
958 4200 1182 4288 superstitione
1201 4200 1338 4266 liberare
1358 4198 1456 4290 possit

278 4314 314 4371 ει
335 4302 415 4391 plus
444 4302 563 4367 tribuet
592 4302 711 4370 iudicio
741 4302 928 4395 incorrupto
958 4329 1117 4397 sanaeque
1142 4307 1257 4372 rationi
1277 4331 1377 4398 quam
1398 4306 1457 4373 ho·

282 4408 491 4476 muncionum
523 4408 712 4489 commentis
741 4432 779 4475 er
811 4411 1005 4501 negligentia
1032 4423 1064 4476 et
1092 4434 1197 4477 errore
1219 4413 1310 4478 natis.
1359 4409 1457 4481 ttiot

282 4527 349 4596 est,
384 4514 511 4605 opinor,
543 4515 783 4594 παρακαθῆσθαι
808 4526 848 4598 τῇ
874 4516 1025 4597 ἐρωμένη,
1054 4514 1142 4580 aliud
1171 4517 1395 4597 περικαθῆοθαι
1427 4525 1458 4582 et

282 4635 390 4691 tomen
421 4644 458 4687 ea
488 4619 645 4686 conlundi
674 4619 820 4687 vidimus.
870 4618 967 4685 Aliud
993 4631 1041 4684 est
1061 4621 1269 4687 obambulare
1289 4621 1379 4703 παρα
1403 4622 1459 4696 την
1549 4677 1550 4680 ,

282 4727 466 4805 tatemer,
496 4725 587 4794 aliud
606 4725 674 4808 περὶ
697 4725 753 4801 την
777 4723 962 4804 litoreae,
984 4725 1114 4807 scribis,
1143 4725 1352 4805 uiridimns,
1375 4723 1459 4792 nibil
