3309 5750
742 705 788 766 29

186 876 302 948 Orator
328 884 413 945 κιιλῶ
448 884 598 964 posuerat
622 896 680 963 pro
711 877 843 953 corabo,
873 878 904 941 in
929 876 1066 943 secunda
1091 884 1181 966 parte
1215 876 1275 942 loei
1312 895 1375 942 non

185 993 357 1052 senserunt
381 983 464 1049 idem
488 983 571 1048 diei:
597 984 706 1067 itaque
731 984 778 1047 sie
799 981 895 1068 vulgo
919 981 1036 1068 legitur
1059 980 1082 1070 3
1103 987 1169 1058 67,
1194 986 1300 1049 οὐκοῦν
1319 982 1372 1048 orel

185 1091 279 1158 ordrlr
303 1091 376 1169 ὑμῖν
410 1088 565 1155 uentae
590 1088 642 1153 τὸν
664 1088 895 1170 Ἡγήσανδρον,
927 1088 1081 1169 clypeos
1099 1088 1124 1152 δ’
1148 1091 1231 1168 αὐτῷ
1254 1111 1372 1169 μιιρτυ·

184 1196 252 1277 ploro
283 1196 490 1277 κοσμιωτέραν
518 1194 575 1271 μὲν
599 1194 618 1269 ἢ
642 1197 714 1259 νοντ’
739 1195 871 1269 ἐκεῖνον,
899 1195 996 1275 μικρῷ
1030 1192 1061 1258 δὲ
1091 1191 1267 1275 caderem
1288 1193 1305 1270 ἢ
1328 1193 1372 1274 τῷ

183 1302 348 1385 Μισγόλᾳ.
384 1305 440 1365 οὐκ
460 1301 563 1376 epiro
589 1298 615 1362 δ’
644 1295 690 1364 ὅτι
721 1300 892 1377 ἀπομεῖται
916 1298 969 1363 xci
991 1299 1172 1379 ἐπιορκήσει.
1196 1297 1246 1362 διά
1269 1298 1301 1362 rl
1323 1293 1373 1364 οὖν

181 1406 276 1471 οιῦσδν
301 1412 405 1471 eceb
430 1403 481 1469 εἰσ)
508 1404 562 1477 σὴν
586 1405 773 1486 μοιρτνρίοιν;
794 1400 830 1467 ἵν’
854 1404 926 1482 ὑμῖν
949 1402 1089 1480 ἐπιδείξω
1111 1405 1177 1470 arri.
1224 1401 1285 1482 Qui
1312 1420 1373 1470 neo

182 1511 284 1575 sentit
316 1516 404 1574 κοιῶ
434 1506 581 1572 iuturum
605 1527 691 1581 esse,
719 1506 796 1573 nibil
828 1527 982 1594 umquam
1014 1507 1054 1574 de
1082 1527 1200 1594 genere
1224 1506 1282 1571 boe
1304 1525 1374 1572 ren·

186 1614 268 1691 tiet,
292 1620 326 1677 at
349 1613 492 1678 librariis
521 1620 552 1677 et
575 1611 681 1678 sciolis
705 1612 783 1678 nibil
801 1612 961 1689 reuoluti,
985 1613 1093 1699 itaque
1113 1613 1204 1700 prius
1226 1618 1312 1678 νιιιιιῶ
1333 1608 1373 1678 ad

188 1736 280 1782 suam
311 1705 577 1784 consuetudinem
609 1725 813 1796 revocarunt,
845 1718 982 1786 alterum
1012 1718 1213 1806 reliquerunt
1243 1715 1373 1782 inuiola-

186 1828 268 1888 tum.
317 1821 351 1888 Si
373 1820 451 1887 baec
472 1822 554 1886 ratio
582 1822 740 1890 constabit
769 1831 915 1910 potestne
949 1825 1085 1890 certiore
1116 1822 1235 1890 indicio
1258 1821 1373 1890 condr-

182 1927 265 1993 mari
290 1926 323 1992 id
347 1925 431 2013 qued
453 1934 565 2012 suapte
588 1935 707 1994 natura
729 1929 810 1996 satis
834 1939 903 1997 crat
927 1938 1074 2008 certum,
1098 1950 1192 1993 onom
1217 1948 1288 1995 esse
1312 1923 1373 1994 lor·

181 2051 267 2098 mam
293 2032 326 2097 in
352 2051 429 2107 usu,
453 2052 515 2097 non
536 2032 633 2111 duos,
655 2033 775 2119 quibus
806 2054 866 2100 suo
889 2034 1048 2100 arbitratu
1073 2033 1168 2100 Attici
1189 2031 1372 2120 promiscuo

181 2144 361 2204 uterentur.
410 2138 599 2216 Praeterea,
633 2138 757 2225 siquis
787 2139 844 2206 bos
875 2138 960 2206 locos
983 2139 1170 2226 diligentius
1202 2136 1373 2224 inspiciet,

177 2241 213 2306 in
235 2242 348 2313 multis
370 2242 587 2328 corruptelam
611 2244 742 2310 subesse
762 2246 860 2311 etiam
887 2245 959 2312 aliis
983 2244 1112 2312 indiciis
1134 2239 1372 2334 deprehendet,

180 2346 280 2414 reluti
297 2347 330 2412 in
353 2346 466 2412 Lrsnr
490 2347 633 2414 oratione
654 2349 769 2416 XVlll.
794 2348 817 2439 3
838 2355 902 2429 ut,
925 2356 979 2420 οὐκ
1006 2351 1090 2434 ἔχοι,
1113 2347 1135 2416 ὦ
1158 2347 1264 2432 ἄνδρες
1287 2347 1372 2414 bree-

180 2453 254 2530 σοι’,
285 2449 429 2524 οὕστινάς
462 2451 659 2530 δεησομένους
685 2456 760 2538 ὑπὲρ
785 2460 869 2535 ἡμῶν
890 2456 1155 2538 άνιιβιβάσοριοιι,
1178 2453 1233 2522 ubi
1256 2453 1372 2532 άνοιβι·

179 2558 358 2639 occuper,
384 2565 420 2623 ut
441 2558 575 2643 opinor,
598 2566 647 2623 est
664 2561 891 2626 necessarium.

226 2664 340 2749 ltaque
369 2663 402 2727 in
443 2662 581 2726 llormnr
610 2669 643 2728 et
674 2664 855 2743 Attienus,
888 2666 913 2730 si
947 2665 1021 2751 quis
1047 2684 1157 2731 eorum
1195 2663 1373 2751 praeceptis

181 2771 230 2835 sic
265 2770 313 2834 uti
336 2768 439 2842 volet,
464 2767 632 2852 egregium
669 2777 817 2854 paratum
841 2770 903 2837 erit
934 2770 1045 2838 Atticis
1067 2768 1285 2856 praesidium,
1309 2789 1371 2836 non

180 2896 246 2962 quo
266 2875 382 2940 melius
410 2872 651 2959 intelligantur,
675 2873 732 2941 sed
759 2896 823 2962 quo
846 2873 996 2944 eluantur
1023 2875 1134 2944 sordes
1156 2876 1294 2943 nitorem
1317 2872 1373 2943 At·

181 2980 263 3047 tiene
293 2982 471 3047 venustatis
503 2980 722 3046 obscurantes.
767 2981 949 3049 Cavendum
974 2991 1083 3051 eutem
1114 2981 1287 3070 diligenter
1308 2983 1372 3053 erit

182 3105 224 3152 ne
247 3092 369 3151 temere
399 3084 476 3171 quid
507 3086 723 3153 Grammatico
755 3086 868 3153 eredas
904 3108 982 3155 neve
1012 3109 1145 3155 caecum
1178 3087 1291 3156 ducem
1327 3094 1371 3155 te·

181 3210 273 3257 mere
303 3193 458 3276 sequaris.
507 3191 609 3273 Quam
642 3212 754 3278 saepe,
786 3214 883 3279 quam
909 3195 1067 3281 turpiter,
1099 3214 1195 3281 quam
1221 3192 1371 3261 ioculari·

181 3303 232 3364 ter
259 3315 370 3363 errare
405 3296 547 3371 soleant,
571 3305 645 3362 nota
668 3318 720 3363 res
744 3306 804 3363 est.
850 3298 968 3363 llorms
1002 3318 1059 3383 pro
1091 3298 1202 3365 Atticis
1227 3298 1372 3366 venditat

182 3402 352 3469 Homerica
375 3408 406 3466 et
431 3401 559 3476 lonico,
582 3401 700 3486 quibus
723 3402 852 3486 Tragici
871 3401 929 3466 soli
955 3400 1215 3479 delectabantur,
1235 3413 1292 3470 aut
1316 3424 1372 3468 ro·

181 3507 297 3575 cabula
332 3508 438 3593 prisca
466 3514 498 3572 ct
529 3526 624 3571 casea
650 3526 667 3572 e
693 3505 820 3573 Socoms
848 3505 972 3591 legibus
1001 3504 1164 3570 sublecta:
1200 3504 1240 3572 cl.
1265 3526 1296 3574 v.
1318 3528 1371 3575 r.:

177 3616 238 3696 eilrp
262 3615 400 3693 βοάεῖοι,
424 3612 505 3694 ἥρω,
530 3613 618 3695 ἱδρῶ,
648 3618 763 3689 κυκεῶ,
787 3611 912 3690 νέοισον,
936 3609 1067 3692 pecode,
1093 3607 1234 3692 άάνρροοι,
1256 3611 1372 3691 δημού-

177 3742 293 3800 ροοιον,
311 3720 426 3801 διῆρες,
451 3717 615 3798 βονλνσάς.
645 3717 776 3784 Solonea
789 3726 864 3783 suni
880 3717 913 3781 in
933 3736 963 3781 v.
978 3737 1025 3783 r.:
1050 3714 1273 3797 σεισάχθειαν,
1298 3716 1372 3783 άπά-

173 3850 249 3900 -ειν,
286 3822 438 3900 trumo:
467 3831 523 3889 aut
554 3843 648 3889 usum
673 3832 705 3891 et
742 3824 970 3911 proprietatem
1006 3822 1176 3890 Atticorum
1207 3824 1373 3889 nonsatis

180 3929 298 3999 callere
318 3929 488 4014 arguitur,
513 3929 624 3995 miscet
643 3929 764 4007 aliena,
786 3930 911 3995 diversa
929 3927 1118 4006 confundit,
1143 3929 1304 4016 scriptum
1320 3949 1371 3996 co·

178 4036 291 4103 dicum
326 4033 498 4121 depravata
532 4035 710 4121 decipitur,
751 4044 787 4101 ul
825 4037 858 4101 iu
889 4035 1096 4117 άννλοιμένοι,
1129 4037 1371 4117 άνάσχνὶσεσοιι,

179 4144 325 4217 decimo,
345 4141 488 4220 βλάβος,
512 4140 666 4207 διωκάθειν
680 4141 749 4230 (pro
761 4143 917 4208 διωκνάεῑν
931 4142 1067 4217 aoristo,
1090 4140 1130 4207 oi.
1146 4141 1317 4207 Eensuerus
1330 4139 1370 4206 ad

181 4247 326 4315 Medeam
352 4246 451 4333 186),
486 4249 529 4321 ele
559 4247 664 4328 rpr'rnr
698 4248 836 4330 ἡμέραν,
867 4246 1041 4331 κρεμάάριο,
1073 4250 1201 4323 κνισάν,
1236 4249 1370 4330 ὤφειλε,

173 4361 246 4423 σοι.
268 4350 435 4438 ignorabat
459 4372 522 4438 quo
545 4360 632 4417 certo
657 4372 718 4419 usu
746 4352 904 4431 distarent
938 4353 1142 4435 νροιψάμενος
1165 4360 1197 4417 et
1220 4351 1372 4434 γράψοις,

180 4464 308 4544 debeor
332 4465 364 4523 et
389 4463 551 4540 Φλοιῦρον,
569 4459 680 4537 δεσμοί
709 4466 741 4524 et
772 4457 897 4537 δεσμά,
925 4461 1094 4539 σεσροιράς
1115 4465 1147 4522 el
1178 4458 1372 4538 σεπροιχάς,

183 4565 256 4637 alia.
282 4561 416 4631 Codices
431 4563 595 4650 depravati
619 4583 693 4631 eum
706 4562 902 4649 deceperunt
915 4564 946 4629 in
959 4565 1110 4644 άνιικοχή
1131 4582 1188 4648 pro
1210 4561 1373 4639 άνονοχιὶ,

185 4671 401 4752 ιιιισιιιιάχιμοι
422 4689 486 4756 pro
516 4671 741 4751 ιιιισοιιάχιροοι,
777 4669 869 4735 alibi:
894 4668 934 4734 ab
965 4668 1016 4734 his
1040 4670 1141 4754 igitur
1169 4669 1196 4733 si
1230 4663 1375 4740 caveris,

187 4787 224 4849 ut
243 4774 325 4843 nibil
343 4776 462 4843 erroris
475 4775 604 4844 subesse
627 4785 714 4849 certo
730 4777 815 4845 seius
853 4776 969 4843 llorere
994 4775 1025 4841 in
1047 4771 1265 4843 commodum
1289 4767 1377 4835 adbi-
