3309 5750
742 660 805 722 115

177 826 266 909 ᾤμην.
280 827 333 893 τδν
353 828 417 896 Διά
435 830 496 909 οὐχ
513 825 609 902 ὅπως,
628 830 680 895 καὶ
704 835 885 906 τηλικαῦτα
909 831 963 895 ἐπ’
989 835 1361 912 αὐτοῖς·οὶγονακτήσεινι

171 931 296 1000 llodem
315 931 399 999 malo
425 931 623 1003 laborantem
645 932 828 1002 destituunt
849 934 999 1004 meliores
1015 936 1089 1005 libri
1109 941 1171 1017 20,
1187 944 1241 1006 48.
1260 941 1276 1006 ὁ
1293 952 1359 1007 Σο-

128 1084 131 1090 -
174 1036 289 1119 κοιίτής
307 1036 469 1119 ἐκεκράγει
499 1040 573 1121 πρὸς
604 1037 752 1113 ἅπαντας
775 1043 837 1121 οὐχ
860 1037 941 1114 ὅπως
974 1045 1020 1121 μή
1043 1041 1151 1109 πάντα
1173 1044 1264 1110 οὶλλοδ
1287 1036 1361 1123 μηδ”

173 1138 251 1217 ὅλος
272 1142 382 1210 εἰδέναι
402 1168 456 1219 τι,
491 1162 592 1230 aeque
616 1145 768 1210 vitiosum
800 1151 849 1210 est
871 1147 933 1226 οὐχ
953 1142 1034 1221 ὅπως
1055 1148 1110 1213 καί
1129 1155 1162 1213 et
1191 1152 1252 1231 οὐχ
1279 1146 1361 1226 ὅπως

173 1250 239 1326 μή,
254 1246 397 1316 rlelentla
420 1247 592 1334 utrobique
616 1250 713 1316 tertia
736 1248 849 1316 vooula
868 1249 908 1318 au
931 1252 1091 1338 imperitis
1111 1252 1248 1319 adiecta.

218 1352 336 1419 Mirum
360 1361 410 1423 ost
429 1352 591 1439 ¹quomodo
613 1353 751 1420 evaserit
774 1356 905 1422 eritieos
928 1362 990 1434 46,
1015 1362 1046 1424 6.
1080 1359 1190 1444 inepta
1211 1358 1362 1429 eodieum

173 1455 270 1524 lectio
288 1458 332 1527 τοὶ
356 1456 493 1539 δ”οὶμφὶ
527 1457 649 1526 δίαιταν
673 1456 774 1533 ὁποῖός
796 1484 844 1534 τις
857 1507 859 1511 -
873 1456 922 1536 eh
950 1464 1044 1548 quasi
1074 1483 1151 1531 vero
1180 1464 1280 1540 ὁποῖος
1304 1485 1362 1551 pro

172 1572 259 1639 τοῖσι
273 1561 339 1629 diei
352 1562 463 1648 possit.
487 1561 627 1630 Facilior
639 1563 732 1630 venia
745 1570 794 1629 est
815 1565 1001 1633 errantibus
1022 1575 1059 1634 ut
1081 1571 1142 1645 20,
1163 1572 1217 1633 26.
1241 1570 1268 1636 oi
1288 1573 1362 1649 ήγε·

163 1674 165 1679 ’
172 1666 269 1747 μόνος
293 1665 586 1750 ὑπερδιατεινόμενοι
611 1668 663 1733 καὶ
687 1668 731 1736 τοὶ
748 1670 864 1736 ἑαυτῶν
887 1667 992 1742 tuero
1016 1674 1213 1747 ἐπαινοῦντες
1237 1692 1296 1758 pro
1317 1674 1362 1741 τοὶ

171 1774 283 1840 ἑαυτοῦ
320 1770 443 1846 ἕκαςος.
489 1771 589 1840 Recte
621 1773 707 1840 enim
738 1777 802 1852 20,
833 1778 887 1840 56.
921 1776 955 1843 τι’
984 1776 1048 1858 γὰρ
1072 1779 1179 1845 ἕιιεῖνοι
1208 1778 1359 1855 παθόντες

170 1876 382 1951 ἑκατοντάδας
405 1876 458 1942 καὶ
486 1876 637 1958 χιλιάδας
670 1878 807 1959 βιβλίων
830 1878 935 1950 trecor
958 1882 1244 1967 συγγεγράφασιν,
1267 1903 1358 1958 nam·

171 2003 235 2070 que
256 1980 361 2053 ἕναςοι
383 2001 446 2047 non
476 1992 552 2048 sunt
573 1983 694 2069 singuli
718 1982 918 2071 philosophi,
941 1984 998 2052 sed
1021 1988 1047 2052 οἱ
1067 1989 1129 2070 ἀφ’
1153 1987 1268 2063 ἐκτίσεις
1301 1999 1371 2068 τῆς·

171 2088 336 2171 αἱρέσεως,
360 2094 412 2153 ιιι,
427 2106 584 2161 uumerus
602 2086 761 2156 librorum
791 2087 1012 2168 demonstrat,
1039 2091 1106 2159 illie
1129 2091 1249 2178 singuli
1280 2103 1359 2163 sunt

172 2193 323 2274 ἡγεμόνες
356 2211 446 2258 suam
478 2193 610 2278 quisque
642 2201 763 2259 sectam
789 2193 989 2261 extollentes.
1046 2195 1186 2263 Facilior
1208 2206 1276 2278 est,
1311 2201 1359 2268 in·

121 2319 124 2326 ·
171 2317 285 2386 quam,
306 2299 400 2366 venia
426 2298 502 2383 quia
525 2298 558 2362 in
582 2298 702 2384 optimo
733 2318 860 2386 quoque
880 2301 1037 2385 scriptore
1064 2300 1165 2368 Attico
1193 2302 1239 2368 sio
1265 2324 1361 2392 saepo

169 2405 302 2491 impune
334 2410 385 2470 est
420 2410 599 2489 peceatum.
646 2401 797 2470 Indieabo
829 2423 917 2471 nune
950 2404 1080 2490 quidem
1113 2425 1132 2471 e
1159 2405 1359 2478 Xenornorrs

170 2507 343 2576 nonnulla:
365 2508 398 2573 in
417 2507 556 2573 Αιιοὸοοί
573 2506 638 2581 lV,
665 2528 708 2585 u,
734 2513 766 2574 8.
789 2506 883 2575 ἄλλοι
902 2509 933 2575 δὲ
956 2516 1015 2575 τῶν
1038 2513 1201 2591 sperarim
1223 2548 1270 2561 -—
1290 2514 1360 2580 ἕντο·

136 2655 138 2660 -
167 2613 288 2697 μύοντι
309 2610 328 2695 ᾖ
349 2611 462 2694 ἔτυχον
479 2610 584 2682 ἕκαςοι
601 2611 713 2689 ὄντες,
739 2613 865 2698 corrige
885 2610 904 2694 ή
926 2612 1039 2695 ἔτυχον
1064 2611 1174 2689 ἔνατος
1198 2625 1360 2701 expuncto

169 2716 265 2793 ὄντες.
289 2716 335 2783 Gi·
360 2717 425 2795 lv,
450 2739 493 2795 u,
519 2721 571 2784 15.
593 2714 654 2793 ὅπη
677 2715 821 2784 ἐδύναντο
838 2714 960 2791 ἕκατον.
994 2718 1031 2784 ln
1052 2717 1224 2786 Hellenieie
1247 2721 1277 2801 l,
1299 2742 1359 2800 ru,

172 2827 204 2891 5.
227 2824 253 2889 οἱ
268 2822 417 2905 ςοατήγοὶ
434 2821 581 2905 βραχέος
605 2819 716 2897 iserae
736 2825 974 2903 ἀπελογήσατο,
998 2824 1027 2890 si
1046 2822 1176 2892 dubitas
1197 2827 1360 2908 οὶπελογή·

168 2952 266 2994 σοντι
283 2929 426 3016 recipere
443 2928 664 2995 animadverte
680 2927 765 3014 quod
784 2931 938 2997 continuo
960 2928 1092 2995 additur
1114 2930 1167 2997 ιιοιι
1188 2931 1359 3012 διηγοῦντο.

166 3032 204 3099 ln
228 3031 348 3101 talibus
371 3034 437 3112 sive
461 3035 670 3122 praeponitur
692 3032 802 3109 ἵκοιτος
824 3035 892 3103 sive
912 3035 1115 3122 postponitur
1137 3035 1254 3122 plurali
1279 3059 1360 3126 opus

167 3145 231 3207 ost.
278 3137 315 3205 ln
339 3138 466 3205 llounao
489 3158 667 3225 numquam
686 3146 851 3225 peoeatur.
897 3140 995 3208 Iliad.

242 3256 278 3312 B.
302 3235 381 3312 Ι775.
426 3240 515 3310 ἵπποι
539 3244 570 3310 δὲ
593 3247 668 3326 παρ’
691 3242 827 3325 ἅρμασιν
851 3242 926 3312 οἷσιν
949 3243 1060 3321 ἕκατον
1081 3246 1243 3317 Ἕτασαν.

238 3359 278 3416 ll.
305 3354 403 3427 175.Υ
425 3351 452 3417 oi
476 3350 507 3415 δὲ
531 3356 641 3430 κλῆρον
665 3349 860 3428 ἐσημήναντο
883 3347 1006 3432 inesse.

236 3463 278 3522 H.
306 3459 382 3521 185.
427 3456 454 3521 οἱ
477 3455 503 3520 δ’
527 3457 560 3521 οὐ
584 3453 809 3531 γιγνώσκοντες
833 3455 1030 3532 ἀπηνήναντο
1052 3451 1174 3527 ἔνατος.

236 3570 278 3627 Π.
302 3563 378 3627 551.
424 3556 506 3627 οὗτοι
530 3557 579 3640 ἄρ’
603 3557 754 3637 ἡγεμόνες
778 3559 911 3625 Δαναῶν
934 3556 1002 3625 ἕλον
1025 3557 1121 3639 ἄνδρα
1143 3555 1264 3633 ἕκαςοο.
1326 3609 1336 3628 .

209 3694 213 3701 -
233 3675 273 3733 Κ.
298 3667 374 3731 215.
421 3671 480 3731 τῶν
502 3662 609 3731 ἄλλον
632 3665 659 3730 οι
682 3659 793 3737 ἔνατος
816 3661 863 3728 ὄϊν
887 3664 1012 3730 δώσοντι
1036 3663 1202 3743 μέλαιναν.

126 3759 128 3763 ’
163 3777 441 3865 peecatur'saepe
464 3768 611 3847 maliis,
635 3787 774 3855 quorum
803 3775 870 3834 tam
895 3766 999 3834 faeilis
1019 3788 1117 3855 quam
1141 3775 1231 3835 eerta
1250 3786 1356 3836 emam

165 3876 256 3944 datio
278 3881 338 3943 est.
383 3874 520 3942 Prorsus
543 3873 655 3941 eatlem
672 3875 757 3941 ratio
780 3879 829 3940 est
856 3872 1032 3960 eademque
1055 3872 1186 3940 errandi
1207 3870 1355 3961 frequen·

166 3983 214 4049 tia
248 3981 282 4049 in
306 3978 404 4055 ἄλλος
429 3979 533 4056 ἄλλο,
558 3979 714 4060 ἄλλοθεν,
737 3977 870 4057 ἄλλοθι,
892 3977 1000 4062 ἄλλῃ,
1023 3977 1130 4054 ἄλλος
1150 3986 1183 4045 et
1211 3979 1353 4061 similia,

164 4089 199 4154 in
235 4085 355 4174 quibus
383 4085 462 4152 item
486 4085 574 4153 verbi
598 4105 755 4155 numerus
777 4085 958 4152 subiectum
989 4085 1154 4172 sequitur,
1178 4091 1216 4151 ut
1243 4083 1356 4153 Gram-

164 4193 279 4263 matioi
309 4191 508 4279 loquuntur,
535 4211 596 4257 nou
621 4191 874 4279 appositionem,
912 4191 944 4255 in
969 4209 1033 4275 qua
1062 4188 1198 4256 subiecti
1222 4190 1355 4275 partitio

164 4306 223 4365 est.
272 4297 314 4364 Ut
334 4304 384 4363 est
404 4295 490 4384 apud
511 4295 700 4363 Smuusrrun
725 4296 816 4362 Catil.
846 4301 876 4362 6.
900 4294 984 4360 oliuo
1008 4294 1071 4360 alio
1093 4315 1180 4359 more
1196 4295 1354 4374 viventes,

164 4385 220 4473 ubi
248 4401 368 4471 nubem
389 4400 608 4489 exemplorum
632 4401 829 4487 Interpretes
854 4399 1055 4478 attulerunt,
1085 4399 1132 4465 sie
1161 4397 1275 4479 Graece
1294 4398 1353 4468 air·

164 4524 216 4584 λος
240 4499 347 4582 ἄλλως
378 4507 525 4586 λέγοντες
548 4506 670 4573 dieitur
696 4525 760 4571 nou
789 4505 911 4585 λέγων,
946 4522 1142 4590 quamquam
1172 4523 1268 4592 saepe
1296 4526 1355 4591 per

164 4612 289 4703 sopihae
307 4631 372 4678 non
393 4610 487 4679 linuit
507 4613 651 4699 antiquis
674 4612 720 4677 ita
743 4609 872 4688 dicere,
896 4618 933 4676 ιιι
956 4608 1110 4678 solebant.
1157 4608 1194 4674 ln
1214 4606 1354 4674 Aminei

164 4717 209 4798 ll,
234 4740 262 4799 1,
289 4724 340 4786 ru.
366 4716 451 4803 quod
474 4737 552 4805 paee
582 4716 790 4793 librariorum
818 4725 850 4784 et
871 4713 1033 4783 editorum
1055 4713 1181 4786 dietum
1204 4714 1268 4790 sit,
1292 4733 1350 4800 pu·
1400 4762 1402 4766 ι

1136 4824 1149 4861 θ
