3309 5750
832 623 897 688 392

274 819 381 901 λέγεις
408 841 460 898 μοι
488 814 611 898 χαροίν,
644 813 750 893 λέγεις
778 838 830 892 μοι
852 812 947 902 βοιίν,
981 814 1015 879 in
1043 814 1147 881 Pluto
1168 817 1248 882 637.
1283 827 1318 882 et
1342 817 1451 887 similia

275 925 363 993 alibi

319 1032 431 1099 Finem
452 1030 567 1097 luciam
589 1028 623 1094 in
644 1026 716 1092 loco
735 1049 772 1093 ex
790 1026 903 1093 eadem
924 1026 988 1093 rita
1014 1023 1162 1094 Cimonis
1184 1048 1258 1119 cap.
1278 1032 1342 1109 28,
1363 1054 1452 1126 quern

273 1136 497 1205 Ptumcuus
525 1158 562 1202 er
591 1133 777 1200 Hellenicis
804 1131 986 1222 descripsit:
1019 1130 1101 1197 ἓιίλω
1129 1133 1240 1198 δὲκαὶ
1269 1134 1454 1216 γροίμματα

272 1248 449 1315 λακωνικῶς
487 1239 650 1324 Φροίζοντα
681 1245 745 1309 τοῖς
780 1236 922 1319 Ἐφόροις
958 1238 1014 1312 τὴν
1043 1237 1263 1316 γεγενημένην
1301 1241 1452 1322 ιίτνχίαι·

273 1345 348 1429 ἔρρει
374 1348 418 1412 aab
446 1344 544 1411 καλοί.
569 1344 721 1424 Μίνδαρος
747 1343 923 1408 οίπεσσούα.
954 1343 1260 1425 πεινῶντιτύνδρες.
1287 1346 1453 1427 ἀπορίομες

273 1451 306 1517 τί
326 1452 389 1532 χρὴ
417 1452 501 1533 δρᾶν.
549 1449 715 1539 Leguntur
740 1446 820 1513 haec
841 1447 925 1539 apud
950 1447 1254 1516 Xrnorncnrrrrl.
1278 1467 1302 1516 1.
1324 1453 1383 1517 23.
1406 1450 1454 1515 nbi

273 1554 458 1637 γράμματα
487 1554 631 1619 ἑοίλωσαν
656 1556 699 1626 είς
725 1554 858 1630 Ἀίιίνας
887 1553 1109 1645 telingendum
1137 1565 1185 1621 cst
1209 1554 1247 1619 in
1271 1555 1375 1622 ἑιίλω.
1411 1555 1453 1622 .In

274 1660 344 1751 ipsa
373 1660 508 1751 epistola
537 1658 622 1725 idem
654 1659 767 1726 vitium
792 1658 893 1725 inest:
928 1659 1002 1742 ἔρρει
1025 1660 1068 1726 τοὶ
1094 1660 1198 1742 καλοί,
1236 1661 1334 1753 quod
1366 1687 1452 1731 nemo

275 1788 429 1857 umquam
458 1765 634 1856 suspicatus
660 1776 724 1842 est,
753 1786 854 1853 quum
875 1765 1046 1832 Banunus
1066 1765 1252 1834 acutissime
1274 1790 1395 1835 rerum
1414 1770 1452 1837 vl·
1536 1846 1539 1853 ¹

275 1870 342 1951 dit,
374 1895 491 1963 nempe
513 1870 716 1937 scribendum
742 1892 823 1936 esso:
857 1869 933 1953 ἔρρει
957 1870 1001 1936 rol
1024 1875 1131 1944 κιῖλα,
1156 1878 1306 1963 pes-iere
1338 1899 1451 1955 moes,
1531 1931 1536 1948 .

276 1977 364 2071 quod
383 1979 451 2044 iure
470 1978 622 2044 Drinum
643 1976 778 2066 recepit:
802 1975 846 2040 τοὶ
869 1979 958 2041 κέίλα
980 1976 1137 2067 significat
1156 1978 1201 2044 τα
1225 1979 1339 2060 ξύλα,
1374 1979 1450 2072 qnod

275 2095 309 2152 et
328 2083 458 2150 aliunde
477 2084 551 2150 satis
566 2094 690 2149 constat
705 2094 738 2148 et
754 2081 917 2147 llasrcult
934 2081 1131 2147 testimoniet
1154 2084 1286 2150 Καλιίε
1308 2085 1451 2164 ύξντίνος

275 2190 311 2256 τύ
337 2188 462 2266 σύννύες
488 2189 541 2254 καὶ
565 2189 635 2253 ύντί
662 2188 870 2268 ἐπιρρύματος
895 2190 949 2250 τοῦ
974 2190 1089 2266 καλῶς.
1115 2184 1341 2265 παροξυτόνως
1366 2192 1398 2257 δὲ
1417 2191 1452 2257 τύ

275 2292 378 2373 ξύλα,
409 2296 471 2361 nisi
499 2293 587 2386 quod
615 2295 649 2359 in
681 2292 860 2383 quantitate
886 2289 1027 2378 syllabae
1048 2291 1182 2371 erravit,
1210 2315 1291 2361 uam
1315 2322 1452 2381 προπερι·

276 2398 443 2478 σπωμένως
468 2401 500 2466 δέ
522 2399 675 2466 debuerat
697 2398 813 2463 dicere.
848 2395 1090 2466 Gatmmcuus
1110 2398 1221 2489 fragm.
1246 2405 1329 2468 459.

631 2504 813 2570 retollere
837 2505 925 2569 κοῖλα
950 2506 1086 2587 καθῄρει.
1192 2531 1197 2548 ν

276 2608 453 2676 subrustice
482 2609 578 2701 igitur
604 2620 636 2675 et
667 2607 795 2673 nautico
819 2606 978 2673 vocabulo
998 2606 1147 2698 Spartani
1166 2631 1266 2675 naves
1296 2637 1345 2677 τα
1371 2616 1450 2681 κᾶλα

276 2713 492 2805 appellabant.
539 2714 691 2781 Dmuonr
712 2735 750 2778 er
770 2712 984 2801 Lysistrata
990 2713 1158 2818 adscripsit
1181 2738 1226 2783 rs.
1252 2720 1359 2787 1251

588 2816 647 2886 ύκα
669 2818 715 2886 τοί
741 2819 837 2899 μὲν’
822 2820 873 2884 επ’
896 2820 1090 2903 Ἀρταμιτίῳ

587 2923 728 3005 πρύνροον
752 2922 879 2989 ύείκελοι
903 2947 1008 2988 ποττα
1031 2927 1135 3004 καλα,

234 3018 242 3033 ’
276 3030 333 3096 ubi
354 3030 432 3096 olim
453 3028 557 3094 ποττίι
581 3028 669 3095 καλοί
694 3051 731 3093 ex
751 3027 841 3092 libris
863 3026 1033 3107 edebatur,
1057 3028 1145 3121 quod
1165 3029 1373 3100 Banncrros
1389 3035 1451 3126 pri·

274 3158 345 3202 mus
377 3133 521 3200 correxit.
574 3130 614 3198 ln
644 3132 841 3198 Rauennate
871 3143 918 3199 est
950 3135 1054 3201 ποττίι
1084 3139 1173 3201 κᾶλα
1208 3158 1285 3204 cum
1318 3141 1449 3232 antiquo

274 3241 397 3309 scholio
428 3241 500 3321 πρὸς
525 3238 569 3304 τίν
592 3248 707 3314 πλοῖα,
741 3260 823 3330 quae
851 3239 956 3305 omnia
981 3250 1101 3305 certam
1119 3253 1285 3331 praestant
1306 3244 1450 3312 Butram

273 3345 532 3414 emendationem
550 3342 625 3425 ἔρρει
650 3343 693 3409 τίν
719 3347 806 3409 κοῖλα
831 3356 862 3410 et
883 3344 1054 3410 ostendunt
1076 3344 1154 3435 qnid
1176 3347 1395 3419 tribuendam
1414 3353 1450 3417 sit

273 3453 446 3522 (lodicibus
469 3450 700 3518 quoruonrrs
719 3461 752 3516 et
773 3449 1056 3541 Pturanca1,qni
1077 3473 1187 3517 omnes
1205 3454 1355 3522 unanimi
1375 3480 1450 3523 con·

273 3582 366 3627 sensu
395 3557 470 3638 ἔρρει
494 3556 536 3621 τίν
562 3555 650 3621 καλοί
679 3554 838 3622 exhibent.
873 3553 1020 3621 Ostendit
1048 3554 1134 3621 idem
1152 3559 1342 3648 exemplum
1361 3585 1451 3629 men·

273 3688 377 3731 suram
406 3660 601 3751 syllabarum
631 3661 782 3752 Magistris
811 3685 877 3727 non
909 3684 975 3728 esse
1004 3660 1179 3728 admodum
1206 3675 1344 3746 notam,
1378 3692 1449 3736 nam
1484 3656 1486 3661 ⁵

273 3769 359 3862 apud
386 3769 559 3860 plerosque
586 3764 681 3832 κοίλαν
709 3790 768 3857 pro
795 3767 886 3844 ξύλον
915 3779 948 3833 et
976 3765 1065 3834 κοίλα
1087 3767 1237 3835 scribitur
1258 3774 1451 3861 quantitatis

273 3898 399 3947 securos
418 3885 459 3940 ct
468 3874 605 3963 ignaros.
653 3871 691 3938 In
711 3871 855 3939 Sroarrr
874 3871 947 3938 me.
968 3872 1074 3960 Phys
1094 3871 1120 3940 l.
1141 3875 1169 3939 1.
1188 3875 1407 3966 scripserunt:

474 3977 528 4042 καὶ
553 3977 647 4073 σαντ’
665 3971 730 4039 ἶσον
753 3978 811 4055 μὲν
836 4003 869 4042 εν
892 3977 1015 4056 λέγειν,
1041 3974 1105 4043 ἶσον
1128 3979 1159 4045 δὲ
1182 3981 1246 4061 μή,

473 4077 627 4145 ίσον-”δ
612 4081 752 4157 ερεννῖιν,
778 4080 849 4156 ἒξί
849 4105 901 4147 σον
926 4081 957 4145 δὲ
980 4082 1024 4159 μὴ
1049 4082 1172 4149 εἰδέναι.
1259 4155 1263 4161 ,

273 4199 306 4255 et
323 4184 405 4251 nihil
425 4183 626 4274 suspicantur
645 4181 730 4248 mali.
765 4182 901 4249 Perinde
926 4207 993 4251 esse
1020 4187 1085 4254 istis
1104 4187 1231 4254 ridetur
1251 4192 1404 4261 utrum*
1387 4219 1451 4262 ισον

273 4314 315 4359 an
332 4289 398 4355 ίσον
420 4290 577 4357 scribatur
596 4301 628 4356 et
648 4288 806 4368 vocalem,
831 4312 928 4379 qnam
947 4292 1082 4374 δίχρονον
1106 4293 1314 4386 (caespitem)
1338 4300 1452 4393 appel·

274 4382 358 4476 lant,
391 4419 448 4463 sno
476 4397 630 4462 arbitratu
658 4395 835 4486 corripiunt
861 4408 916 4462 ant
934 4397 1126 4487 producunt.
1173 4397 1295 4468 Natum
1319 4419 1369 4472 est
1389 4407 1451 4474 hoc

273 4503 396 4569 malum
422 4509 657 4594 ροὸῑανῑοοιινπι
684 4501 775 4581 vitio,
805 4504 861 4592 qui
881 4526 981 4593 quum
1005 4527 1183 4570 sermonem
1206 4508 1382 4600 antiquum
1404 4513 1452 4579 la-

274 4607 400 4675 boriose
424 4608 542 4675 imitari
562 4619 725 4698 satagunt,
756 4631 848 4698 saepe
868 4609 901 4673 in
921 4609 1261 4699 turpissimoserrores
1281 4638 1316 4681 se
1338 4617 1450 4709 impli-

275 4725 363 4794 cam,
381 4738 461 4806 quos
479 4727 590 4783 notare
605 4727 637 4781 et
651 4714 883 4806 reprehendere
896 4713 1053 4807 philologi
1068 4715 1239 4801 debemus,
1251 4743 1325 4815 uon
1340 4722 1452 4816 inepte
