3309 5750
815 656 878 721 381

433 852 458 916 εἰ
484 851 514 915 tt
539 850 582 927 uia
608 854 734 931 Φρυγῶν
757 854 776 936 ΙΙ
799 848 936 930 πύργους
959 846 1115 922 πεσόντας
1138 848 1248 933 ᾖσμεν.

253 955 388 1022 Codices
413 975 522 1019 omnes
545 954 647 1032 ἴσμεν.
696 952 735 1018 ln
759 952 872 1018 Rnnso
896 976 940 1020 νε.
965 956 1043 1022 855.

503 1062 564 1125 οὐδ’
587 1058 766 1142 ἀφιγμένον
791 1065 808 1147 ΙΙ
831 1060 867 1123 τὸ
890 1059 1031 1137 πέμπον
1055 1056 1145 1141 ἦσαν.

251 1163 386 1231 Codices
409 1162 488 1241 ἦοοον
512 1176 544 1231 ct
567 1165 650 1231 ἴσον.
698 1161 736 1229 lu
764 1161 905 1253 Cyclope
929 1186 973 1229 rs.
997 1166 1073 1230 230.

472 1275 526 1337 οὐκ
550 1267 628 1353 aicae
653 1266 728 1334 ὄντος
753 1269 816 1335 θεόν
840 1293 882 1349 με
905 1267 958 1333 aei
982 1270 1054 1333 θεῶν
1077 1267 1161 1343 νὀονος

249 1387 339 1443 retus
358 1377 455 1443 lectio
478 1389 524 1443 est
543 1374 622 1451 ἧοον
641 1386 697 1439 aut
716 1374 799 1440 teau.
835 1376 976 1441 affertur
994 1373 1038 1440 ab
1056 1374 1191 1464 antiquo
1209 1370 1422 1443 Grammatico

248 1483 326 1548 ibid.
373 1490 541 1567 Σοφοκλῆς
566 1480 714 1561 Κόλχοις·
1239 1477 1246 1486 ’

493 1590 583 1665 ὑμεῖς
606 1586 663 1665 μὲν
686 1587 741 1652 οὐκ
764 1585 813 1667 ἔρρ’
836 1584 893 1669 dcc
914 1587 967 1651 τὸν
991 1585 1168 1667 Προμηθέος.

228 1688 285 1755 tn
308 1698 478 1759 Alscttrtt
499 1694 745 1781 Agamemnone
767 1715 811 1758 νε.
837 1692 935 1757 1098.

468 1792 488 1871 ἦ
508 1799 571 1879 μὴν
592 1796 682 1869 κλέος
706 1821 760 1863 οον
782 1798 934 1876 μοοντνκὸν
958 1796 1166 1875 mmmm,

469 1899 584 1984 ᾖσμεν,
610 1903 774 1985 προφήτας
800 1904 826 1968 δ’
849 1901 972 1973 οὔτινος
994 1901 1186 1981 ματεύομεν.

244 2002 414 2070 Pousouus
442 2002 541 2087 ᾖσμεν
566 2005 655 2073 dedit
682 2029 741 2096 pro
771 2006 926 2097 scriptura
948 2006 1106 2072 librorum
1126 2007 1204 2085 ἦμεν
1225 2002 1278 2073 vel
1299 1998 1318 2078 ἦ
1336 2006 1417 2082 μήν,

244 2110 351 2175 nescio
381 2133 477 2199 quam
501 2123 605 2189 recte,
629 2136 703 2178 nam
728 2113 819 2192 ἴομεν
839 2112 1059 2203 praetulerim.
1107 2111 1195 2177 Haec
1213 2111 1312 2200 igitur
1332 2109 1418 2199 apud

246 2213 394 2302 Tragicos
415 2218 560 2305 exempla
581 2231 785 2284 emerserunt.
820 2217 969 2285 comicos
988 2218 1102 2284 iisdem
1122 2217 1233 2283 formis
1254 2238 1326 2281 usos
1345 2216 1419 2281 satis

243 2332 388 2398 constat,
417 2343 610 2412 quamquam
637 2323 827 2389 reiiciendus
852 2336 899 2389 est
919 2322 1025 2401 tastis,
1048 2345 1145 2411 quem
1166 2333 1286 2388 veteres
1306 2320 1420 2385 Gram-

245 2424 354 2489 matici
371 2426 570 2516 producunt,
585 2430 660 2519 quia
680 2440 867 2519 corruptum
886 2450 953 2494 esse
972 2426 1054 2494 mihi
1073 2426 1183 2493 videor
1202 2426 1419 2501 demonstrare

244 2553 345 2619 posse.
392 2531 584 2614 Producitur
606 2535 691 2601 enim
720 2535 969 2600 dutsrcruarttts
992 2533 1025 2598 iu
1048 2532 1175 2598 Avibus
1198 2554 1242 2600 rs.
1268 2534 1319 2596 19.
1409 2549 1414 2556 ·

403 2640 445 2703 τὼ
469 2640 494 2703 δ’
519 2642 573 2704 οὐκ
596 2638 646 2720 ’ἄρ’
668 2641 744 2723 dena
768 2641 852 2705 οὐδὲν
875 2638 956 2705 ἄλλο
980 2640 1062 2713 πλὴν
1088 2636 1230 2710 δοὶκνενν,

244 2740 301 2806 ubi
332 2755 421 2810 retus
449 2757 496 2811 est
526 2747 700 2835 scripturae
729 2744 960 2835 discrepantia,
983 2766 1060 2811 nam
1088 2742 1143 2808 alii
1162 2741 1230 2818 ἴςνν
1248 2741 1419 2831 legebant,

243 2847 331 2939 quod
349 2850 446 2940 plane
466 2852 635 2919 barbarum
653 2864 712 2920 est.
745 2851 983 2921 Ncutraicctio
1004 2850 1084 2918 mihi
1102 2873 1177 2916 sana
1194 2870 1260 2916 esse
1275 2848 1419 2929 videtur,

242 2957 318 3044 quia
353 2955 422 3024 οἶδοο
455 2958 575 3025 δοέκνεον
602 2958 688 3049 apud
710 2958 975 3027 Aulerct’rttuttrt
996 2955 1128 3048 quidem
1150 2955 1273 3020 dictum
1293 2967 1329 3020 ut
1348 2950 1419 3020 οἷδον

240 3062 348 3140 λέγειν
382 3083 583 3155 concoquere
615 3088 679 3130 non
712 3086 852 3156 possum.
915 3063 1028 3128 Veram
1055 3061 1245 3139 lectionem,
1282 3060 1308 3127 si
1338 3058 1417 3150 quid

242 3163 369 3244 iudico,
391 3165 426 3231 hi
450 3168 514 3234 loci
537 3171 713 3259 comparati
737 3171 889 3260 aperient.
936 3168 1137 3256 Lysistrcta
1160 3191 1202 3234 rs.
1230 3170 1302 3232 139.
1384 3192 1388 3198 ·

400 3275 484 3338 οὐδὲν
509 3274 571 3355 yria
596 3278 718 3353 ἐσμεν
741 3278 824 3350 πλὴν
848 3275 1000 3340 Ποσειδῶν
1024 3272 1077 3339 xxi
1103 3273 1234 3355 σκάφη,

239 3385 273 3439 et
297 3374 330 3439 in
353 3374 466 3442 Ιίοινοίν
481 3402 534 3460 [νε.
560 3383 636 3446 226.

563 3485 640 3547 ἀλλ’
664 3484 810 3561 ἐξόλοισθ’
834 3486 920 3566 αὐτῷ
944 3482 1033 3561 κοοὶξ.

565 3587 648 3652 οὐδὲν
672 3588 735 3668 γάρ
758 3591 773 3652 ε’
782 3589 811 3657 ς’
834 3588 910 3653 ἄλλ’
936 3587 953 3663 ἢ
978 3586 1068 3665 κοάξ.

240 3689 432 3779 respondent
458 3690 579 3758 Ranae:
605 3691 727 3764 εἰκότος
752 3696 798 3772 γ’,
823 3688 845 3757 ὦ
867 3692 975 3758 πολλοὶ
997 3690 1159 3772 πράττων,
1183 3691 1240 3756 ubi
1260 3701 1424 3784 annotant·

243 3794 386 3862 Veteres:
422 3797 545 3870 εἰκότως
579 3798 662 3864 οὐδὲν
693 3795 776 3862 ἄλλο
809 3798 929 3875 ἕομὲν
960 3793 1104 3872 daedi,
1136 3797 1213 3860 οούτὸ
1237 3796 1300 3876 γὰρ
1322 3800 1413 3860 τοῦτο

238 3899 430 3979 πράττομεν.
466 3901 539 3968 Non
559 3913 606 3968 est
626 3924 721 3968 orum
743 3925 804 3968 oro
823 3901 957 3969 similius
975 3922 1074 3992 quam
1094 3898 1149 3966 hic
1168 3899 1259 3977 locus
1277 3899 1327 3965 illi
1346 3911 1410 3977 est,

227 4005 450 4094 'quamobrem
475 3999 711 4075 emendandum
735 4030 864 4077 censeo:
1194 4024 1197 4029 ⁴

397 4112 438 4174 τὼ
462 4112 488 4177 δ’
511 4114 566 4176 οὐκ
589 4111 638 4194 ἄρ’
661 4114 754 4190 ient
778 4115 862 4180 οὐδὲν
885 4113 968 4180 ἄλλο
992 4114 1074 4188 πλὴν
1099 4110 1232 4179 δάκνειν.

213 4286 214 4289 ,
239 4216 271 4283 id
293 4227 340 4282 est
360 4217 445 4281 οὐδὲν
473 4214 555 4281 ἄλλο
583 4216 735 4297 ἔπροοττον
763 4221 781 4295 ἢ
811 4218 936 4284 ἔδονκνον
966 4217 1067 4297 μόνον.
1101 4216 1206 4282 Nemo
1225 4214 1412 4282 reformidet

236 4321 360 4412 antiqui
381 4319 491 4388 Critici
511 4319 734 4387 auctoritatem
753 4333 809 4387 aut
828 4323 1113 4389 vetustissimorum
1135 4322 1291 4388 librorum
1309 4321 1410 4387 fidem

237 4428 401 4493 contemni
433 4440 595 4517 queratur.
640 4425 712 4497 Nou
744 4426 807 4493 tuit
834 4450 989 4517 umquam
1016 4427 1099 4494 liber
1124 4440 1188 4494 tam
1208 4425 1411 4504 emendatus,

240 4543 276 4597 ut
305 4533 338 4598 in
368 4556 406 4598 eo
431 4541 578 4600 HCTHN
604 4545 635 4599 et
654 4538 817 4598 HICTHN
839 4534 995 4600 confundi
1015 4557 1079 4600 non
1098 4536 1281 4625 potuerint,
1304 4553 1411 4621 neque

240 4649 305 4703 tam
334 4637 445 4702 sollers
468 4651 501 4703 et
527 4652 639 4704 acutus
661 4637 913 4718 Grammaticus,
937 4640 993 4729 qui
1013 4639 1047 4705 in
1067 4638 1251 4706 huiusmodi
1270 4658 1411 4703 errorem

236 4764 302 4808 uon
331 4744 473 4833 potuerit
504 4744 670 4834 implicari.
717 4743 875 4811 Palmaria
903 4743 1132 4813 emendatione
1151 4742 1249 4827 ᾖσμεν
1272 4741 1410 4811 dataro·
1500 4732 1502 4736 ’
