3309 5750
838 638 911 700 174

289 831 458 900 teterrimis
480 829 613 897 maculis
632 828 759 896 foedata
779 840 845 908 est,
870 830 1076 898 Fuauctscus
1097 849 1161 897 unu
1183 831 1306 908 Fonte,
1336 830 1463 896 Biblio-

288 939 403 1005 thecae
430 937 661 1003 laurentianae
688 935 886 1015 Praefectus,
912 938 1023 1027 (quem
1047 933 1387 1003 venerabilem'senem
1408 960 1463 1003 su-

286 1047 451 1139 perstitem
479 1057 511 1109 et
539 1043 653 1109 eodem
681 1066 814 1109 munere
834 1044 1023 1133 fungentem
1049 1041 1127 1107 mihi
1147 1042 1255 1107 videre
1275 1042 1411 1130 contigit
1431 1054 1464 1108 et

288 1152 356 1217 eius
376 1150 609 1215 humanitatem
630 1148 797 1237 experiri),
821 1149 1013 1236 scripturam
1033 1149 1218 1237 recognovit
1239 1159 1271 1211 et
1291 1147 1465 1213 nonnullas

288 1254 442 1320 lectiones
464 1253 678 1343 discrepantes
698 1254 739 1317 ab
760 1253 812 1331 iis,
831 1275 909 1342 quas
933 1251 1137 1319 Cuuuluurus
1157 1253 1313 1329 dedisset,
1329 1253 1467 1342 protulit

287 1371 319 1426 et
346 1384 405 1449 per
423 1361 561 1425 amicum
584 1358 707 1425 Crrurr
727 1358 839 1423 edidit.
884 1357 1088 1424 Couurunws
1112 1371 1223 1424 contra
1245 1358 1280 1422 in
1301 1357 1466 1447 Epistola

287 1465 472 1554 Euryclia-a
492 1466 566 1529 istas
586 1464 740 1529 lectiones
756 1462 849 1529 falsas
870 1476 901 1528 et
917 1465 1157 1530 commenticias
1173 1487 1239 1529 esse
1259 1463 1465 1543 criminatur,

288 1570 328 1635 de
357 1594 447 1636 more
475 1569 669 1635 adversarios
697 1580 791 1634 acuto
819 1592 896 1633 naso
923 1569 1128 1659 suspendens.
1177 1570 1232 1633 Est
1260 1590 1297 1632 ea
1318 1569 1465 1657 Epistola

286 1676 322 1741 in
344 1677 487 1741 omnium
507 1675 747 1765 philologorum
766 1675 929 1753 manibus,
954 1688 985 1740 et
1005 1676 1081 1766 quia
1099 1698 1194 1741 nemo
1212 1674 1378 1763 respoudit
1395 1675 1467 1739 eius

236 1789 239 1797 '
290 1781 356 1846 fide
376 1792 486 1846 statur.
517 1778 621 1862 Quum
645 1780 712 1869 ipse
734 1778 886 1845 Codicem
904 1792 1085 1854 *excuterem
1105 1782 1196 1846 noris
1216 1777 1467 1845 difficultatibus

288 1885 385 1952 lectio
413 1896 480 1950 erat
511 1883 676 1974 impedite.
723 1883 849 1975 Nempe
879 1887 987 1952 conati
1014 1899 1088 1952 sunt
1115 1911 1175 1977 ope
1199 1886 1365 1975 chyrnicae
1387 1887 1464 1952 artis

288 1990 431 2056 maculas
458 1989 571 2055 tollere
591 1989 645 2056 sed
666 1990 792 2058 fruStra.
840 1992 985 2058 Maculae
1006 1994 1148 2058 colorem
1168 2002 1351 2068 mutarunt,
1374 2014 1393 2056 e
1412 1993 1464 2057 ni-

287 2097 351 2187 gris
376 2094 563 2161 subfuscum
593 2095 741 2163 colorem
754 2110 964 2188 acceperunt:
995 2119 1077 2187 quae
1098 2121 1171 2186 pars
1192 2098 1368 2186 scripturae
1388 2122 1464 2165 era·

267 2194 368 2268 ¹serat
396 2201 574 2266 madefacta
593 2214 626 2267 et
646 2203 775 2268 venenis
798 2204 897 2269 oblita
922 2215 1010 2268 tanto
1033 2226 1128 2293 opere
1146 2202 1302 2291 expalluit
1324 2215 1359 2269 ut
1377 2228 1462 2270 non·

287 2309 349 2374 nisi
377 2306 588 2373 intensissima
608 2310 773 2374 oculorum
793 2310 861 2374 acie
881 2309 1056 2400 quidquam
1081 2309 1225 2374 extricari
1247 2310 1356 2399 possit.
1399 2311 1463 2377 Diu

286 2426 318 2482 et
346 2413 627 2478 multum‘omnia
663 2414 795 2479 rimatus
831 2414 894 2504 legi
924 2414 1083 2505 quidquid
1112 2437 1177 2479 non
1205 2426 1252 2479 est
1284 2427 1461 2483 atramento

283 2542 413 2611 prorsus
440 2519 644 2585 obscuratum
673 2530 705 2585 et
735 2518 841 2585 dicam
868 2520 913 2586 de
930 2521 1070 2609 singulis.
1117 2519 1155 2583 ln
1178 2544 1220 2585 vs.
1241 2524 1261 2585 6
1282 2522 1315 2586 in
1340 2519 1461 2588 Codice

264 2637 333 2690 est
362 2624 414 2692 κοιὶ
438 2625 480 2690 τοι
500 2632 583 2689 νῶτον
604 2626 648 2691 δέ.
681 2625 806 2691 acuitur
832 2625 863 2691 δέ
887 2626 920 2691 in
945 2639 1086 2692 extremo
1106 2648 1198 2690 rersu
1219 2626 1392 2716 scriptum:
1426 2628 1459 2692 iu

283 2731 431 2822 sequenti
464 2752 553 2798 versu
584 2729 745 2797 Coumtttt.
776 2731 877 2797 edidit
907 2731 1120 2805 ἄπολονούσνς
1145 2733 1162 2805 ἡ
1187 2730 1268 2811 sulp}
1299 2733 1458 2797 ὑπέπιπτε

281 2837 444 2916 μαλθακή.
493 2835 602 2901 Funus
630 2836 710 2917 σὰρξ
740 2836 961 2903 retentatores
997 2834 1150 2925 scriptum
1182 2857 1249 2902 esse
1279 2835 1459 2905 contendit.

283 2941 374 3008 Nihil
394 2939 482 3007 aliud
503 2962 590 3006 nunc
610 2941 711 3006 oculis
733 2941 871 3007 discerni
889 2952 996 3032 potest
1017 2964 1132 3031 quam:

419 3113 462 3156 vs.
486 3093 517 3154 7.
551 3091 652 3154 οὶποιιο
669 3139 676 3154 .
696 3140 703 3155 .
723 3140 734 3170 .
749 3138 916 3157 .......
942 3091 1083 3157 πέπϊππε
1106 3093 1258 3170 nandonis

417 3216 461 3258 rs.
486 3195 515 3259 8.
550 3193 602 3259 nal
628 3194 700 3259 ποτε
724 3195 783 3274 μὲν
806 3195 869 3276 γὰρ
894 3196 925 3259 ἕν
949 3196 1084 3274 Boouata
1111 3191 1144 3271 ἦν
1169 3197 1182 3260 ὃ
1207 3196 1302 3274 ἥλιος.

285 3408 287 3411 -
325 3358 409 3426 Ibid.
430 3357 582 3425 Couulttlt
601 3358 708 3427 dedit:
743 3361 856 3434 ἑιιυπῆς
882 3358 988 3441 &duro
1006 3358 1162 3432 nosnatura
1184 3363 1210 3426 εἰ
1230 3362 1455 3446 τρυφερώτερον

283 3465 329 3542 εἴη
355 3465 538 3546 πειρωμένη.
575 3463 612 3538 In
634 3462 752 3531 Codice
773 3475 820 3530 cst
838 3463 1055 3546 τρυφερωτέρα
1075 3462 1267 3552 compendio
1287 3467 1459 3556 scriptum;

281 3570 368 3660 quod
388 3571 591 3661 ingeniosum
611 3572 777 3638 hominem
796 3570 928 3636 fefellit:
959 3569 1113 3658 scriptum
1137 3580 1184 3632 est
1203 3574 1342 3651 τρνφερω
1366 3585 1399 3639 et
1418 3599 1454 3656 πρ

280 3699 354 3744 cum
374 3690 509 3743 accentu
528 3690 623 3743 acuto
643 3678 904 3769 superscriptum.
953 3675 1005 3741 Vs.
1025 3679 1056 3740 9.
1081 3672 1232 3740 Goumara
1249 3683 1306 3749 τῆς
1332 3679 1364 3742 δὲ
1384 3681 1455 3754 ὑςε-

279 3783 388 3864 peloro,
415 3782 523 3846 Futtlr
543 3789 599 3856 τῆς
617 3782 647 3845 δὲ
669 3781 825 3856 ἐπιούσης.
875 3779 970 3844 Nunc
988 3777 1070 3843 nihil
1092 3792 1233 3868 superest
1252 3793 1379 3870 praeter
1397 3791 1454 3858 τῆς

256 3886 312 3951 ’δὲ
325 3932 421 3951 .....
444 3880 513 3961 ἧκον
535 3887 577 3956 εἷς
599 3885 774 3962 advocatie.
825 3882 889 3948 Sed
909 3883 1043 3948 Leucus
1061 3884 1143 3948 solet
1166 3893 1221 3958 τῆς
1241 3888 1384 3964 ἐπιούσης
1406 3887 1457 3953 di-

279 4010 360 4054 cere.
407 3989 455 4054 Vs.
482 3992 534 4053 20.
568 3987 662 4053 πόοιιι
695 3988 847 4065 uenerem
887 3989 1000 4069 κέντρον
1040 3990 1150 4062 ἐνῆκοιν
1187 3988 1276 4052 ἄλλοι
1317 3990 1453 4072 ἔφνιγον.

279 4116 377 4183 quem
405 4094 522 4160 vellem
547 4116 583 4158 ea
603 4092 760 4183 particula
779 4092 877 4160 hodie
899 4094 963 4184 legi
982 4106 1105 4184 posset,
1139 4094 1270 4183 utquid
1292 4118 1350 4184 pro
1370 4096 1454 4179 ἔφο-

277 4222 332 4278 νον
364 4201 517 4288 scriptum
549 4199 645 4264 fuerit
674 4211 862 4289 appareret,
893 4222 969 4266 nam
994 4199 1118 4282 ἔφαγον
1139 4200 1450 4289 importunissimum

277 4315 335 4370 est.
379 4303 432 4370 Vs.
455 4309 509 4370 22.
543 4305 602 4370 εἴθε
627 4305 690 4384 uli.
724 4303 875 4372 Couuluu
904 4306 968 4371 εἴτε
998 4306 1150 4372 enotavit.
1198 4307 1368 4395 Perspicue
1389 4308 1451 4373 sila

277 4409 507 4500 scriptumest.
541 4409 594 4478 Vs.
615 4415 667 4476 26.
693 4411 844 4479 Cuuumu
864 4412 951 4494 ποιροὶ
973 4412 1016 4477 ποι
1041 4411 1151 4491 ἄντρον.
1200 4410 1296 4476 Furia
1316 4414 1388 4493 πρὸς
1413 4414 1450 4478 πὸ

275 4512 395 4598 ἄντρον.
446 4513 577 4582 Certum
605 4529 652 4581 est
681 4518 714 4582 iu
735 4518 846 4585 codice
868 4498 909 4603 rr}
930 4517 1083 4606 scripturn
1103 4538 1169 4582 esse
1193 4529 1225 4582 et
1244 4504 1368 4609 liquido
1392 4543 1452 4609 ap·

275 4633 367 4711 paret
374 4645 382 4701 ;
401 4622 525 4713 reliqua
544 4635 607 4690 tam
627 4625 761 4692 obscura
781 4636 856 4691 sunt
867 4635 902 4689 ut
913 4644 1093 4714 vnumquam
1110 4625 1270 4713 potuerim
1287 4648 1346 4715 pro
1363 4637 1452 4690 certo

255 4725 257 4731 '
276 4737 413 4825 statuere
436 4739 543 4796 utrum
564 4753 608 4794 ποι
625 4736 727 4811 ὀινπροι
748 4752 789 4802 an
808 4752 863 4796 πον
889 4723 998 4811 οινπρον
1027 4744 1234 4823 compareret.
1282 4729 1452 4800 Caeterum
