3309 5750
839 630 901 693 172

287 825 463 909 tritonia
487 823 662 909 πρόφασιν,
696 847 733 890 ex
751 822 928 889 Homerico
946 818 1125 902 Πάτροκλον
1144 820 1313 903 πρόφασιν.
1363 818 1463 885 Deni-

287 956 350 1025 que
370 958 401 1025 p.
425 934 504 1009 140,
525 934 578 996 22.
602 931 751 1009 ἀξιοῦμεν
772 930 815 1000 εἰς
837 930 892 1002 τὴν
912 924 1081 1001 ἐκκλησίαν
1089 972 1098 1005 ,
1122 948 1232 991 verum
1252 936 1299 990 est
1318 924 1461 1002 ἐξίωμεν.

333 1038 372 1102 Iu
403 1038 626 1103 quoruoruu
657 1035 802 1101 Ernesto
833 1031 1062 1110 describendo,
1101 1032 1191 1096 cuius
1220 1033 1297 1096 item
1330 1028 1463 1094 unicum

290 1144 473 1233 exemplum
495 1143 527 1206 in
549 1140 662 1206 eodem
686 1141 805 1208 Codice
824 1140 1020 1205 Florentino
1042 1137 1243 1215 continetur,
1273 1135 1389 1226 passim
1411 1156 1466 1197 ea·

291 1248 365 1315 dem
401 1247 597 1338 negligentia
632 1260 667 1333 ct
700 1246 845 1313 socordia
875 1244 989 1319 versati
1020 1255 1113 1320 suut,
1145 1244 1235 1307 euius
1267 1242 1314 1306 rei
1343 1239 1466 1327 insigne

252 1349 255 1354 ’
291 1355 474 1445 exemplum
497 1353 568 1419 ride
587 1378 617 1443 p.
641 1356 701 1431 16,
723 1358 742 1418 3
763 1353 905 1418 Locum.
931 1354 970 1429 6,
995 1352 1015 1413 8
1038 1350 1181 1414 Parata.
1205 1350 1247 1413 art
1275 1347 1372 1427 χείλη
1399 1350 1465 1415 τοῖς

291 1460 416 1540 χείλεσι
443 1462 584 1540 φιλοῦσαι
605 1451 789 1539 σύνερροὶφει
811 1479 908 1547 quam
927 1455 1099 1522 absurdum
1120 1456 1160 1519 sit
1179 1452 1362 1533 συνερράφει
1384 1447 1467 1513 nihil

297 1587 377 1654 opus
404 1574 451 1627 est
471 1562 581 1627 multis
603 1562 769 1652 explicare.
819 1561 856 1625 ln
880 1560 999 1626 Codice
1019 1583 1085 1625 esse
1105 1559 1222 1623 dicitur
1239 1556 1469 1635 συνηραφήκει,

297 1668 384 1735 unde
414 1667 570 1735 Locatta
593 1668 776 1748 corrppritpn
801 1666 944 1743 effinxit,
968 1666 1108 1730 Bisrtus
1128 1664 1161 1726 iu
1181 1660 1335 1751 Append.
1354 1659 1471 1748 Epist.

301 1772 385 1839 orn.
404 1796 438 1862 p.
460 1780 513 1840 55.
533 1773 768 1853 συνερραφήκει.
810 1770 846 1837 Si
867 1772 1006 1836 Baebius
1026 1771 1092 1860 ipse
1113 1768 1263 1834 Codicem
1285 1764 1469 1854 descripsis-

297 1889 345 1944 set
375 1887 429 1940 aut
458 1876 602 1954 vidisset,
622 1876 782 1952 malesana
802 1877 956 1966 scriptura
980 1864 1157 1965 numquam
1177 1884 1249 1937 nata
1271 1883 1326 1936 aut
1347 1869 1471 1934 dudum

298 1981 467 2050 emendata
487 1980 608 2048 fuisset.
654 1979 692 2044 lu
718 1981 788 2070 ipso
815 1979 934 2048 Codice
957 2007 1048 2062 rvrrp
1070 1982 1102 2045 iu
1123 1992 1264 2046 extremo
1285 1997 1375 2043 versu
1397 1998 1472 2064 per·

297 2088 406 2178 spicue
437 2086 592 2175 scriptum
620 2096 666 2149 est
699 2107 773 2151 cum
802 2086 938 2152 literulis
959 2086 1170 2175 quibusdam,
1194 2083 1329 2174 quaein
1351 2081 1472 2146 tenuis-

298 2193 376 2259 sima
398 2190 554 2280 scriptura
576 2190 627 2255 vix
648 2189 749 2255 oculis
769 2204 961 2270 cernuntur,
987 2204 1054 2256 tum
1076 2216 1121 2256 aar
1143 2192 1176 2255 iu
1196 2212 1288 2255 versu
1307 2198 1471 2277 sequente.

296 2298 469 2365 Intendeus
500 2295 675 2362 oculorum
698 2299 800 2364 aciem
832 2298 961 2364 taudem
992 2297 1121 2363 distinxi
1144 2298 1186 2375 μό
1196 2346 1204 2376 ,
1234 2308 1266 2362 et
1289 2292 1470 2373 συνηρμὸκει

297 2416 459 2470 exaratum
495 2424 562 2467 esse
598 2402 720 2469 ridebit
755 2405 811 2494 qui
849 2403 984 2494 posthac
1011 2404 1130 2469 librum
1159 2401 1325 2491 inspiciet,
1355 2396 1473 2462 caeteri

299 2510 421 2575 interea
441 2507 537 2587 mibi,
555 2531 664 2598 spero,
688 2509 784 2575 fidem
805 2509 982 2577 habebunt.
1029 2508 1175 2576 Caeteros
1197 2510 1297 2573 bonas
1318 2503 1473 2569 lectiones

300 2615 387 2680 unici
412 2606 539 2681 Codicis
560 2615 747 2705 propediem
765 2617 888 2681 amicus
906 2638 995 2681 meus
1014 2614 1139 2704 publici
1157 2614 1233 2678 iuris
1252 2611 1357 2676 faciet.

343 2719 381 2784 ln
412 2719 525 2785 eodem
555 2720 639 2792 libro
667 2720 1145 2798 LouolPastoraliainsunt,
1168 2738 1320 2808 quaeres
1343 2724 1475 2803 propter
1499 2748 1503 2755 ·

301 2823 480 2893 Couuluuu
507 2826 674 2892 inventum
700 2838 731 2892 et
752 2825 891 2893 bominis
911 2826 1138 2916 elegantissimi
1158 2825 1274 2914 scripta
1294 2821 1333 2888 ad
1358 2842 1474 2886 unum-

301 2954 463 3023 quemque
485 2943 517 2996 et
538 2952 798 3020 unamquamque
822 2931 980 3020 pervenit
1025 2929 1201 3021 Equidem,
1224 2950 1323 3018 quum
1345 2925 1476 2991 notissi-

300 3060 384 3102 mam
404 3037 479 3101 libri
496 3047 619 3126 partem
636 3057 731 3125 quam
753 3037 845 3125 potui
863 3036 1103 3125 diligentissime
1119 3048 1312 3111 excuterem,
1332 3033 1475 3122 comperi

303 3141 534 3218 Gouutunlun,
554 3152 676 3204 caetera
688 3139 906 3207 Xauot’notttl
922 3153 1032 3206 natura
1048 3154 1079 3206 et
1099 3141 1227 3230 ingenio
1241 3139 1313 3205 satis
1323 3137 1476 3215 similem,

303 3245 473 3311 candorem
497 3258 528 3310 et
548 3245 744 3335 probitatem
766 3245 1088 3332 Xuttornouns‘nou
1108 3246 1234 3311 referre.
1281 3243 1382 3309 Nemo
1402 3265 1476 3308 um·

302 3374 399 3440 quam
430 3350 538 3416 Louet
569 3348 721 3416 Codicem
752 3350 985 3418 Florentinum
1019 3351 1174 3430 versabit,
1208 3351 1287 3441 quin
1317 3349 1477 3438 intelligat

303 3455 518 3523 Gounrrmmr
551 3449 704 3523 scientem
739 3456 815 3523 dolo
844 3458 929 3523 malo
967 3481 1035 3523 cam
1065 3469 1190 3547 partem
1223 3457 1477 3533 Pastoralz'um,

302 3585 400 3654 quam
427 3564 549 3652 primus
577 3587 693 3629 noram
721 3575 753 3630 et
777 3564 930 3630 ineditam
959 3563 1145 3653 reperisset,
1175 3562 1275 3626 olluso
1299 3571 1477 3626 atramento
1527 3573 1536 3595 ⁸

302 3667 474 3747 delevisse,
508 3691 550 3733 ne
578 3690 730 3758 umquam
760 3661 785 3732 a*
803 3692 966 3759 quoquam
992 3668 1056 3756 legi
1075 3680 1181 3757 posset
1203 3688 1239 3732 ac
1259 3665 1318 3731 sibi
1339 3666 1407 3731 laus
1427 3666 1479 3730 in·

303 3775 390 3840 venti
411 3775 656 3864 praeriperetur.
699 3773 888 3863 Improbum
908 3774 970 3839 hoc
992 3774 1114 3839 facinus
1135 3786 1181 3838 cst
1203 3785 1235 3839 et
1255 3773 1295 3837 ab
1316 3771 1403 3836 illius
1422 3770 1480 3836 viri

303 3902 456 3970 persona,
489 3901 585 3967 quem
616 3900 716 3968 quum
743 3878 879 3966 legimus
910 3901 1019 3944 omues
1041 3878 1245 3944 admiramur
1268 3890 1300 3943 et
1319 3900 1481 3955 amamus,

306 3982 536 4047 alienissimum
564 3981 701 4048 videtur.
751 3981 874 4061 Credo,
902 3996 968 4050 tam
998 3986 1063 4050 alto
1092 3985 1262 4075 supercilio
1287 3972 1481 4075 despiciebat

306 4086 556 4163 homunciones,
587 4109 667 4175 quos
687 4085 745 4150 sibi
769 4099 800 4152 et
820 4111 877 4154 suo
897 4090 1028 4157 invento
1049 4091 1189 4156 insidiari
1210 4091 1430 4181 suspicabatur
1451 4100 1484 4155 et

308 4193 390 4261 clam
420 4191 480 4256 sibi
506 4190 633 4258 laudem
658 4212 695 4256 ac
715 4190 855 4260 fructum
874 4202 927 4261 τοῦ
952 4198 1096 4277 ἑρμαίαν,
1125 4202 1175 4280 (ut
1195 4209 1262 4261 tum
1284 4197 1414 4285 quidem
1436 4196 1484 4262 vi·

309 4297 478 4386 debatur),
514 4297 672 4386 surripere
694 4300 820 4380 moliri,
854 4313 889 4366 ut
909 4300 993 4367 nibil
1013 4326 1077 4368 non
1097 4303 1157 4368 sibi
1178 4303 1209 4367 in
1233 4325 1286 4367 eos
1307 4303 1404 4368 licere
1423 4324 1486 4392 pu·

310 4416 391 4496 taret
413 4414 444 4468 et
463 4404 560 4493 plane
581 4403 722 4471 hostium
744 4406 816 4472 loco
838 4407 985 4487 haberet,
1013 4432 1092 4499 quos
1113 4407 1261 4472 omnibus
1282 4408 1402 4473 artibus
1424 4406 1487 4472 eir·

310 4510 494 4576 cumvenire
525 4509 573 4573 ius
605 4509 717 4600 fasque
748 4525 837 4579 essct.
887 4513 1074 4604 lmprobum
1098 4513 1222 4578 lacinus
1243 4526 1305 4593 est,
1337 4515 1488 4603 inquam,

310 4615 367 4681 sed
397 4614 423 4680 si
454 4615 480 4680 is
509 4613 675 4704 improbus
707 4639 772 4682 esse
805 4617 941 4682 voluerit
969 4616 1051 4681 nibil
1082 4616 1121 4681 ad
1150 4641 1208 4684 nos
1228 4643 1265 4684 ea
1285 4643 1334 4684 res
1354 4620 1489 4692 attinet,

309 4744 417 4812 neque
440 4720 476 4786 iu
494 4742 568 4786 eum
590 4720 711 4788 iudices
732 4721 896 4802 sedemus;
915 4722 948 4788 id
969 4733 1075 4788 nostra
1096 4723 1211 4803 relert,
1237 4748 1300 4816 qua
1322 4725 1405 4803 fide,
1425 4747 1490 4815 qua
