3309 5750
862 652 928 716 870

308 880 376 925 ease
401 850 534 921 Μευάνα
561 873 598 916 ex
620 848 797 915 Srnrnorr
816 844 985 937 apparebit
1007 843 1092 911 vm.
1109 868 1142 936 p
1163 847 1259 925 374,
1285 845 1349 913 ubi
1369 847 1491 914 emenda

307 961 441 1029 Μεάἀυα
468 981 527 1049 pro
553 956 707 1028 Μέθανα,
738 962 770 1017 et
796 950 909 1018 eadem
934 973 1032 1042 opera
1050 949 1138 1042 apud
1157 950 1374 1019 Pnnsmu
1392 950 1451 1019 111.
1470 957 1492 1021 l.
1534 963 1535 1046 t

311 1073 352 1137 10
377 1081 410 1134 et
433 1065 493 1134 111.
524 1062 584 1144 21',
619 1066 639 1126 2
666 1056 821 1125 Πελλάνα
841 1069 875 1124 et
895 1055 1065 1122 Πελλάναν
1085 1079 1146 1149 pro
1170 1058 1343 1125 Πέλλανιι
1366 1070 1401 1125 et
1421 1059 1491 1126 Πέλ-

306 1192 419 1242 λαναν.

352 1278 403 1345 Ad
431 1300 503 1369 pag.
534 1274 610 1340 280.
657 1266 785 1335 Addam
814 1278 878 1333 tres
907 1267 997 1333 loooa
1025 1264 1230 1348 Srmon,
1256 1266 1324 1336 nbi
1347 1270 1388 1335 ἐκ
1409 1281 1442 1336 et
1458 1271 1492 1343 εἰς

307 1385 481 1452 acribarum
517 1375 662 1447 socordia
689 1373 822 1439 consona
852 1383 938 1440 sont.
993 1372 1065 1439 Lib.
1097 1371 1170 1439 tlt.
1199 1396 1233 1463 p.
1255 1376 1328 1440 301
1366 1373 1493 1465 graviter

307 1490 453 1580 queritur
479 1487 519 1553 de
546 1482 690 1551 moribus
717 1480 828 1545 aetatis
848 1500 923 1546 anae
947 1478 1108 1569 corruptis
1132 1477 1266 1544 luxuria
1289 1492 1326 1546 et
1350 1480 1493 1560 avaritia,

306 1596 321 1659 δ
345 1596 415 1661 καθ’
439 1596 524 1673 ἡμᾶς
552 1590 641 1671 βίος,
667 1585 794 1677 inquit,
817 1586 862 1658 εἰς
890 1582 1016 1658 πάντας
1043 1582 1156 1665 σχεδόν
1183 1606 1217 1649 τι
1240 1585 1430 1653 διατέτααε
1447 1588 1493 1662 σὺν

182 1702 185 1707 ’
306 1701 380 1782 πρὸς
404 1699 440 1764 τδ
466 1705 571 1779 χεῖρον
595 1692 801 1774 μεταβολήν,
831 1689 952 1772 τρυφὴν
980 1689 1036 1755 καὶ
1061 1688 1168 1765 ἡδονὰς
1195 1688 1253 1753 καὶ
1280 1693 1492 1775 κακοτεχνίας

306 1806 350 1877 εἰς
379 1802 562 1880 πλεονεξίας
586 1798 700 1880 μυρίας
728 1796 801 1878 πρὸς
826 1796 921 1860 ταῦτ’
950 1792 1100 1873 troyae,
1125 1792 1182 1857 ubi
1212 1790 1357 1862 θυηλῶν
1382 1821 1443 1888 pro
1459 1800 1492 1871 εἰς

306 1906 484 1999 reponebpt
502 1904 573 1977 καί,
595 1914 628 1968 at
644 1913 681 1967 tu
699 1902 771 1991 lege
790 1902 825 1965 ἐκ
845 1897 1048 1976 πλεονεξίας,
1069 1908 1101 1964 et
1121 1896 1209 1964 idem
1224 1897 1336 1966 redde
1356 1900 1493 1970 Pmon

200 2001 205 2014 ⁸
307 2015 350 2080 de
366 2012 510 2103 legibus
529 2008 588 2075 111.
608 2032 639 2098 p.
659 2010 736 2075 677.
756 2025 788 2073 Β.
804 2003 949 2086 ἀπείρους
969 2009 1029 2068 τῶν
1046 2004 1077 2069 ἕν
1094 2013 1159 2078 τοῖς
1177 2002 1277 2074 ἀςεσι
1299 2008 1384 2089 πρὸς
1403 2008 1491 2085 ἀλλά

305 2133 379 2191 λους
416 2120 569 2197 μηχανῶν
605 2112 644 2178 ἓν
677 2136 714 2177 τε
758 2107 942 2186 πλεονεξίας
976 2107 1029 2173 καὶ
1062 2108 1281 2192 Φιλουειαίιις,
1310 2111 1377 2179 ubi
1399 2113 1491 2181 editor

307 2222 351 2297 εἵς
386 2245 433 2288 τε.
482 2219 558 2287 Sine
588 2217 666 2285 vitio
696 2216 813 2307 legitor
840 2214 875 2279 in
914 2211 1071 2279 Convivia
1099 2215 1163 2281 188
1188 2231 1222 2281 Β.
1245 2217 1286 2281 ε’σι
1309 2219 1489 2298 πλεονεξίας

307 2327 361 2394 καὶ
391 2326 561 2406 ἀκοσμίας.
613 2322 781 2390 Secundus
804 2319 989 2387 Srnrnorns
1010 2318 1100 2386 loona
1120 2332 1168 2386 eat
1192 2318 1285 2390 VIII.
1304 2347 1340 2414 p.
1364 2327 1445 2392 387.
1461 2326 1489 2390 εἰι

252 2514 255 2529 Ι
307 2434 339 2502 δὲ
373 2434 434 2501 τῶν
472 2437 590 2498 Ῥυπῶν
629 2425 663 2506 ἦν
699 2429 714 2494 ἀ
750 2427 941 2500 Μῶσκελλος
969 2425 984 2489 ὃ
1013 2425 1164 2508 Κρότωνος
1193 2428 1330 2505 οῐκιςής.
1389 2430 1489 2501 Ῥύπες

307 2539 425 2608 oiriorn
455 2560 572 2604 nomen
601 2548 669 2615 est,
703 2545 740 2599 ut
770 2531 916 2614 Δελφοί,
941 2530 1152 2620 quamobrem
1172 2530 1281 2597 aeribe
1302 2530 1354 2608 εἷς
1382 2537 1417 2603 δὲ
1439 2539 1487 2601 τῶν

307 2647 436 2711 Ῥυπῶν.
490 2642 575 2709 Hine
603 2640 698 2707 focile
725 2649 772 2704 eat
802 2634 910 2705 ridere
939 2635 1024 2702 libro
1055 2633 1111 2702 XI.
1139 2660 1171 2727 p.
1201 2640 1269 2708 513
1300 2661 1368 2730 pro
1394 2636 1487 2714 εἶςὲα

307 2753 367 2815 τῶν
401 2747 600 2828 ἀποδράντων
637 2741 880 2836 expungendam
910 2763 978 2809 esee
1010 2741 1286 2833 praepositionem
1321 2767 1366 2812 ex
1399 2746 1488 2815 ditto-

307 2854 438 2949 graphia
460 2864 579 2922 natam.

353 2962 405 3031 nd
423 2985 494 3053 pag.
514 2964 590 3027 283.
622 2955 714 3030 Ἀςός
736 2967 768 3022 et
787 2955 882 3028 αὐτός
903 2955 1017 3023 eodem
1035 2957 1134 3024 modo
1153 2958 1290 3026 confusa
1309 2973 1393 3028 aunt
1412 2956 1488 3054 apud

307 3069 414 3160 ipsum
446 3065 680 3132 Anrsrornmrr
706 3063 741 3128 in
759 3062 918 3127 Politian
939 3061 999 3128 HL
1018 3067 1048 3128 3.
1067 3064 1105 3129 δι’
1128 3063 1247 3130 ἔνδειαν
1271 3073 1337 3134 τῶν
1361 3067 1488 3149 γννσίοι

307 3178 443 3241 πολιτῶν
463 3176 621 3239 ποιοῦνται
645 3168 779 3242 πολίτας
802 3169 874 3242 τοὺς
894 3167 1008 3249 νόθους,
1027 3171 1226 3252 εὐποροῦντες
1246 3173 1275 3238 δ’
1284 3174 1393 3256 ὄχλου
1411 3172 1489 3242 κατὰ

307 3279 415 3359 μικρὸν
440 3278 727 3357 παραιροῦνται
751 3274 822 3347 τοὺς
850 3274 886 3338 εἰς
908 3273 1015 3340 δούλου
1041 3281 1158 3356 πρῶτον
1181 3276 1235 3342 καὶ
1261 3279 1401 3361 δούλης,
1425 3275 1489 3346 εἶτα

307 3384 378 3456 τοὺς
413 3381 478 3448 ἀπὸ
510 3383 687 3459 γυναικῶν,
720 3377 811 3451 τέλος
849 3378 881 3444 δὲ
919 3378 1009 3458 μόνον
1041 3380 1113 3452 τοὺς
1142 3379 1178 3458 ἐξ
1206 3383 1335 3465 ἀμφοῖν
1366 3388 1489 3451 αὐτῶν

307 3487 443 3560 πολίτας
481 3490 637 3563 ποιοῦσιν,
670 3482 807 3552 emenda
839 3490 1066 3565 παραιτοῦνται
1099 3507 1159 3576 pro
1192 3496 1428 3572 παραιροῦνται
1461 3499 1489 3556 et

308 3592 344 3670 ἐξ
365 3594 489 3674 ἀμφοῖν
512 3591 626 3659 ἀτῶν.
1444 3595 1447 3600 ’

353 3698 402 3765 nd
430 3721 500 3789 pag.
533 3700 609 3763 287.
656 3693 730 3763 Non
759 3695 865 3761 rninns
888 3695 1062 3761 ridiculum
1091 3695 1251 3763 emblema
1278 3701 1490 3789 pertinaciter

308 3799 418 3870 haeret
440 3803 474 3871 in
499 3803 933 3871 flunmen-Andromache
956 3826 1000 3870 vs.
1024 3805 1090 3867 240
1115 3825 1185 3893 sqq.

419 3946 523 4003 EPM.
574 3940 628 4002 οὐκ
653 3932 694 4031 aa}
718 3946 819 4018 σιωπῇ
844 3937 995 4017 Κύπριδος
1019 3937 1157 4015 ἀλγήσει
1182 3935 1272 4019 πέρις

421 4048 550 4105 ΑΝΔΡ.
574 4039 607 4105 τΙ
630 4041 675 4114 δ’;
698 4042 731 4106 οὐ
754 4041 880 4119 γυναιξὶ
905 4047 1011 4107 ταῦτα
1035 4049 1144 4124 πρῶτα
1167 4053 1361 4126 πανταχοῶς

420 4151 521 4208 ΕΡΜ.
575 4141 637 4208 ναί.

579 4280 683 4350 καλῶς
707 4300 748 4356 γε
770 4275 993 4358 χρωμέναισιν·
1017 4283 1043 4348 εἱ
1066 4282 1098 4348 δὲ
1121 4283 1188 4362 μὶν,
1213 4285 1247 4349 οὐ
1272 4286 1376 4354 καλά.

311 4429 416 4496 Locus
442 4426 493 4494 rel
522 4426 566 4492 sio
592 4426 665 4492 satis
687 4427 827 4493 scurrilis
848 4439 946 4495 estet
966 4454 983 4495 a
1003 4429 1176 4522 Tragoedia
1196 4433 1340 4516 alienus,
1365 4451 1404 4504 ut
1425 4463 1490 4505 non

310 4535 458 4628 petulans
476 4532 591 4622 aliquis
607 4531 784 4599 Graeculus
801 4534 1005 4626 interstrepat
1020 4549 1055 4603 et
1070 4537 1110 4602 de
1130 4560 1188 4604 suo
1206 4540 1274 4603 Ναί
1291 4541 1497 4635 interponat.

312 4640 350 4706 In
381 4639 505 4708 Comini
532 4638 711 4730 fragmento
743 4640 828 4733 opud
857 4641 1092 4710 Ptnrrncnnrt
1121 4644 1153 4711 in
1186 4643 1426 4721 θοιισοῖιιέάοασ
1443 4652 1493 4719 od

312 4750 523 4838 Apollonium
546 4771 577 4838 p.
604 4748 678 4812 106.
703 4767 734 4813 Δ.
