3309 5750
801 632 874 695 237

242 822 336 892 ‚11st
359 822 444 892 libro
462 823 504 889 de
525 824 706 911 sacreficiis
729 827 790 903 13,
813 832 845 892 a.
868 826 890 889 ὁ·
908 828 985 900 Ζεὺς
1006 829 1142 903 κλαπεὶς
1167 831 1224 897 ὑπὸ
1250 838 1306 906 τοῖς
1333 832 1422 906 Ῥέας

250 933 337 1022 lege·
357 930 528 1003 έκκλαπεές
566 942 598 996 et
635 929 741 995 statim
775 933 818 1004 εἰς
848 931 892 996 τοὶ
919 934 1088 1015 οέφροδῖσικ
1126 938 1334 1018 ἐκκεχυμένος
1364 962 1423 1028 pro

243 1038 429 1120 κεχυμένος.
481 1035 515 1102 ln
545 1040 563 1123 S
588 1041 637 1102 12.
656 1060 715 1127 pro
738 1038 881 1118 φιλήσας
905 1036 995 1113 μόνον
1015 1040 1072 1113 τὴν
1099 1041 1194 1106 αὑτοῦ
1215 1042 1340 1119 δεξιοέν,
1363 1065 1423 1133 op·

247 1145 319 1210 timi
349 1143 474 1210 codices
500 1144 609 1215 σεῖσας
631 1142 807 1220 dederunt,
831 1141 864 1206 in
884 1160 949 1232 quo
968 1143 1067 1217 κύσας
1089 1145 1187 1211 latere
1207 1150 1363 1239 suspicor,
1384 1162 1420 1215 ut

246 1256 309 1329 33,
335 1253 385 1314 17.
413 1251 467 1323 τὴν
496 1256 593 1329 χεῖρα
619 1250 772 1320 κύσαντες
799 1249 961 1326 ἡγούμεθα
987 1251 1097 1325 ἐντελῆ
1125 1249 1284 1327 εἶναιτὴν
1310 1256 1423 1333 εὐχήν.

242 1357 278 1421 in
308 1362 325 1443 ᾗ
357 1358 409 1420 lt.
440 1353 510 1433 πρὶν
539 1352 557 1425 ἢ
588 1353 645 1431 πρὸ
673 1354 748 1417 ε’τοῖν
772 1352 897 1432 μορίοιν.
947 1353 1038 1420 Unus
1065 1353 1103 1420 A.
1131 1358 1303 1436 πλεῖονῆ,
1330 1359 1418 1448 quod

242 1470 418 1550 receptum.
465 1455 564 1520 Periit
581 1478 667 1521 -sera
696 1455 792 1522 lectio
821 1466 914 1522 πλεῖν
942 1458 981 1533 ἥ,
1006 1481 1105 1548 quam
1126 1462 1249 1528 scribae
1273 1464 1417 1530 omnium

242 1566 402 1630 librorum
432 1573 498 1626 tam
533 1560 645 1627 sedulo
677 1563 847 1627 obscurare
876 1561 980 1626 solent
1010 1574 1046 1627 ut
1074 1578 1299 1657 praeterquam
1329 1571 1415 1660 apud

242 1669 392 1737 comicos
422 1667 456 1732 in
487 1667 666 1732 Atticorum
695 1668 820 1759 scriptis
849 1690 936 1731 unus
964 1677 1088 1733 tanturn
1114 1673 1250 1760 supersit
1274 1673 1364 1739 locus
1384 1678 1417 1741 in

239 1799 305 1842 ιιιιο
325 1765 455 1852 codice,
479 1773 535 1837 uhi
557 1773 659 1838 forma
679 1783 771 1839 πλεῖν
791 1773 963 1839 incolumis
979 1798 1015 1840 cr
1036 1790 1252 1844 correctorum
1268 1780 1416 1848 manibus

239 1879 345 1969 elapsa
366 1878 415 1945 sit.
439 1876 570 1963 Legitur
584 1877 617 1942 in
635 1876 869 1943 Dnuosrnnrsss
890 1878 1033 1945 oratione
1050 1882 1091 1945 de
1108 1881 1218 1947 falso
1235 1883 1416 1976 legatione

239 2008 272 2077 p.
303 1988 387 2062 413,
421 1986 466 2061 2.,
492 1981 550 2045 uhi
577 1982 610 2047 in
643 1982 790 2049 omnibus
817 1998 865 2050 est
891 1986 985 2049 πλέον
1016 1986 1033 2061 ἢ
1059 1988 1183 2067 μνρέονς
1203 1987 1338 2063 ὁπλίτας
1360 2004 1416 2058 aut

240 2090 366 2160 πλείονι
387 2088 421 2167 i,
441 2108 521 2152 unus
541 2088 684 2153 omnium
705 2089 847 2180 optimus
860 2089 1050 2156 Parisinus
1069 2089 1100 2156 S.
1118 2094 1254 2159 serravit
1270 2106 1364 2161 πλεῖν
1380 2099 1414 2176 ἢ,

238 2218 324 2286 quae
342 2194 409 2259 sola
430 2194 535 2260 Attica
554 2206 601 2259 est
623 2195 743 2273 dictio,
767 2208 802 2260 ut
821 2204 913 2261 πλεῖν
932 2196 949 2272 ἢ
972 2196 1124 2277 τριάκονθ’
1146 2199 1263 2278 ἡμέρας
1286 2200 1338 2265 rel
1358 2203 1413 2267 nol

239 2306 332 2365 τοῦτο
361 2307 453 2364 πλεῖν
484 2300 501 2375 ἢ
527 2300 638 2381 μορίων
667 2300 712 2370 ές’
736 2300 821 2378 ι’ὶξιον
842 2302 982 2380 ςατνὶρονν
1004 2312 1037 2365 et
1059 2302 1254 2394 ubicumque
1275 2318 1414 2373 metrum

240 2403 362 2471 scribas
389 2402 568 2468 co'e'rcebat.
615 2403 652 2468 ln
674 2405 777 2470 solu-ta
799 2404 942 2469 oratione
962 2404 1084 2471 formae
1103 2410 1252 2499 antiquae
1272 2410 1413 2492 indixere

238 2509 363 2576 bellum
392 2519 424 2573 et
453 2509 575 2596 ubique
599 2509 710 2589 πλέον,
740 2518 870 2584 πλεῖον,
901 2509 1045 2584 πλείους,
1071 2514 1168 2577 πλεῖον
1190 2515 1220 2578 ei
1240 2515 1415 2583 substitue-

238 2621 333 2694 runt,
357 2625 393 2680 ut
412 2614 567 2679 sexcentis
585 2615 701 2703 passim
722 2614 800 2680 locis
818 2620 911 2677 πλεῖν
936 2613 952 2687 ἦ
976 2613 1015 2679 sit
1033 2615 1125 2680 nobis
1145 2616 1185 2681 ab
1206 2617 1301 2685 exilio
1321 2645 1415 2689 reru·

239 2722 390 2790 eandum.
439 2718 571 2809 Signum
594 2721 722 2786 sustulit
740 2721 944 2785 Drnnonrrns
961 2719 995 2785 in
1015 2720 1251 2804 llnnosrnnnn,
1270 2726 1323 2790 cui
1341 2727 1417 2794 red-

241 2827 325 2895 didit
351 2852 382 2918 p.
413 2830 496 2906 503,
524 2833 574 2895 18.
599 2826 732 2904 πλεῖν-ἢ
763 2824 856 2902 airu}
885 2828 970 2905 570,
996 2828 1048 2893 16.
1074 2822 1167 2893 πλεῖν
1193 2829 1211 2907 ἢ
1241 2830 1335 2898 πέντε
1356 2832 1416 2900 esta

239 2950 356 3000 λαντοι.
387 2936 471 3012 657,
505 2935 556 2999 10.
585 2925 678 2998 πλεῖν
708 2932 725 3009 ἢ
752 2927 918 3012 τριακόσια
938 2926 1097 2997 Ιτιέλοιντοι
1121 2937 1203 3014 669,
1228 2939 1258 3002 6.
1285 2939 1414 3015 πλεῖνῆ

238 3037 311 3120 τρέον
336 3035 389 3113 έτν
416 3037 527 3124 (scrib.'
547 3036 605 3117 τρί’
623 3035 700 3124 trs)
725 3039 810 3112 744,
837 3036 888 3099 13.
908 3035 938 3098 έν
964 3044 1057 3101 πλεῖν
1084 3037 1101 3113 ἢ
1129 3040 1291 3113 διακοσίοις
1314 3040 1416 3108 ἔτεσιν

239 3146 386 3222 816,13.
406 3150 498 3208 πλεῖν
515 3141 633 3218 tenet
649 3149 730 3219 μναῖ
750 3142 831 3215 823;
844 3144 873 3204 9.
893 3146 985 3204 πλεῖν
1003 3140 1020 3214 ἢ
1040 3144 1244 3217 πεντήκοντα.
1263 3149 1323 3213 841
1337 3195 1347 3226 ,
1363 3151 1416 3232 15.

239 3256 335 3315 πλεῖν
358 3247 375 3323 ἢ
397 3245 484 3311 δέκα.
515 3247 616 3323 1011,
635 3250 689 3311 22.
708 3254 800 3311 πλεῖν
823 3244 840 3321 ἢ
863 3243 974 3308 ἑκατόν
1001 3247 1102 3324 1033,
1124 3250 1173 3311 17.
1190 3257 1281 3314 πλεῖν
1298 3251 1314 3326 ἢ
1331 3251 1415 3323 πένέῗ

240 3351 370 3431 ἡμέρας.
399 3353 569 3429 1036,17.
591 3357 683 3415 πλεῖν
699 3350 715 3426 ἢ
732 3348 864 3429 χιλίας,
891 3351 988 3425 1073,
1001 3352 1054 3415 27.
1072 3360 1164 3417 πλεῖν
1180 3351 1197 3427 ἢ
1212 3352 1318 3432 χίλια.
1352 3356 1416 3420 Ea·

240 3457 314 3522 dem
341 3477 435 3546 opera
457 3455 573 3520 caeteri
593 3454 756 3532 Oratores,
779 3450 946 3530 Historici,
967 3452 1079 3519 Pnnro
1102 3455 1282 3544 caeterique
1303 3481 1415 3526 emen-

239 3561 338 3628 dandi
356 3574 440 3627 snnt.
465 3560 503 3625 In
520 3561 610 3627 libris
628 3559 708 3626 nihil
724 3581 854 3650 prorsus
869 3569 916 3623 ast
931 3560 1095 3647 praesidii:
1112 3561 1196 3650 apud
1218 3562 1415 3632 Dnnosrnlt-

240 3687 308 3735 nnn
333 3690 443 3734 omnes
470 3680 672 3745 constanter,
697 3664 812 3756 optimi
831 3663 976 3755 pessimi,
996 3666 1109 3745 πλέον,
1134 3676 1262 3749 πλεῖον,
1288 3672 1413 3747 πλείους

240 3774 423 3866 praeierunt
440 3775 496 3840 ubi
507 3783 599 3840 πλεῖν
611 3775 768 3850 loentum
780 3781 835 3836 est.
860 3768 948 3834 Nihil
963 3769 1049 3835 iurat
1060 3767 1233 3837 lsocmns
1249 3774 1415 3857 Urbinas,

208 3962 213 3975 ἱ
240 3891 295 3975 aut
305 3891 486 3969 pervetusta
497 3880 707 3977 Tnucnurnls
718 3875 919 3966 exemplaria,
929 3874 1211 3956 autPnsronl8,in
1224 3880 1414 3968 quoimma·

241 4006 317 4049 nem
334 3985 557 4050 soloecismum
566 3980 706 4055 'nimium
724 3982 884 4073 patienter
900 3981 1043 4046 tulerunt
1054 3982 1282 4050 inMenexeno
1292 4011 1322 4076 p.
1339 3991 1414 4055 235.
1433 4014 1434 4018 ¹

244 4091 280 4156 Β.
309 4089 364 4153 καί
388 4113 440 4167 μοι
470 4087 549 4163 αὕτη
579 4091 595 4163 ἡ
625 4087 777 4166 σεμνότης
806 4085 980 4167 παραμένει
1010 4086 1127 4167 ἡμέρας
1154 4089 1295 4165 πλείονῆ
1320 4101 1414 4172 τρεῖς.

243 4195 300 4260 ubi
321 4193 456 4259 mirifica
478 4190 732 4258 Srannnsnnrus
754 4190 913 4268 admonit,
936 4189 969 4253 in
991 4188 1040 4256 his
1059 4213 1077 4254 e
1097 4189 1247 4257 Dronono
1269 4191 1415 4276 Srcnno,

241 4299 492 4391 praeclarissimo
520 4297 587 4363 soil.
634 4296 820 4362 Graecitatis
847 4307 978 4360 auctore
1007 4307 1037 4360 et
1060 4306 1169 4375 testes
1182 4285 1416 4377 ἀποβεβληκὼς

240 4410 301 4472 τοῖν
324 4410 500 4486 τρατιοιτοῖν
519 4403 617 4469 πλείιο
638 4407 696 4467 τῶν
716 4403 847 4483 χιλίων,
875 4423 975 4492 quum
993 4401 1112 4467 milites
1130 4403 1275 4467 neutrius
1293 4408 1416 4493 generis

239 4526 307 4576 esse
334 4509 508 4599 incipient,
542 4521 670 4599 tempus
697 4508 756 4573 erit
783 4509 851 4573 istis
879 4506 1020 4573 credere.
1066 4507 1253 4598 Legendum
1278 4521 1371 4577 πλεῖν
1397 4514 1414 4589 ἢ

240 4622 344 4697 τρεῖς,
375 4634 440 4679 non
460 4614 603 4704 πλεέονς,
626 4614 714 4704 quod
734 4613 769 4680 in
782 4612 926 4680 Codices
945 4611 1101 4702 quosdam
1121 4614 1282 4681 invectum
1303 4627 1349 4680 est
1370 4618 1411 4682 ab
1515 4629 1518 4632 ’

237 4720 293 4800 iis,
327 4717 385 4808 qui
397 4726 400 4731 '
413 4714 634 4785 soloecismum
653 4719 748 4787 fferre
774 4704 844 4786 'non
862 4729 1013 4811 'possent
1040 4718 1109 4793 ¹Sic
1126 4721 1159 4788 in
1182 4722 1413 4791 xrsosnosns
