3309 5750
739 640 780 703 99

173 813 271 882 liceat
293 831 534 898 nonnumquam
565 813 757 900 exspatiari.
793 815 819 880 si
848 813 926 901 quid
950 816 1156 885 memorabile
1178 838 1216 885 er
1234 819 1364 906 propin·

174 941 238 1009 quo
262 920 453 995 obiiciatur,
484 917 589 985 dicam
613 920 715 1004 igitur
735 920 853 1006 quibus
877 920 980 985 modis
1001 920 1083 987 bona
1108 943 1182 1009 pars
1205 923 1362 1010 exemplo·

174 1046 271 1105 rum,
295 1044 359 1112 quo
379 1022 444 1089 solo
461 1024 620 1109 praesidio
639 1033 795 1101 utuntur,
819 1024 1012 1092 adversariis
1040 1029 1139 1112 possit
1160 1030 1364 1116 extorqueri,

175 1139 211 1198 ut
228 1130 359 1197 tandem
384 1128 481 1193 veluti
507 1130 608 1215 copiis
630 1131 699 1195 suis
726 1128 806 1195 lusis
833 1128 1015 1217 fugatisque
1037 1129 1231 1199 deditionem
1256 1133 1361 1201 facere

173 1236 273 1304 velint
301 1242 334 1301 et
369 1234 488 1299 saniori
522 1236 676 1302 scientiae
712 1255 828 1300 manus
859 1233 945 1299 dare.
1003 1235 1141 1301 bibrarii
1176 1235 1360 1306 futurorum

172 1341 291 1408 formas
325 1347 458 1406 vertunt
484 1340 517 1404 in
552 1341 687 1405 aoristos
722 1348 788 1407 tam
820 1338 934 1405 stolida
968 1342 1149 1407 constantia
1174 1349 1211 1407 ut
1235 1342 1360 1409 nullum

173 1446 409 1513 barbarismum
447 1443 655 1511 reformident
687 1445 735 1513 vel
766 1454 951 1532 agnoscant.
1010 1447 1266 1514 linusrennusruu
1293 1447 1361 1514 dixi

174 1552 208 1618 in
242 1550 328 1618 clara
359 1549 431 1616 luce
466 1549 631 1629 dubitare,
655 1552 731 1637 quia
755 1571 795 1618 ne
820 1552 1145 1631 σνρκαταβιθσασθαι
1176 1552 1306 1639 quidem
1328 1561 1360 1620 et

173 1654 387 1740 προσάξεσθαι
409 1674 481 1721 eum
507 1664 744 1740 permoverunt.
775 1656 912 1722 istarum
938 1655 1113 1723 formarum
1131 1676 1248 1744 magna
1271 1659 1362 1746 copia

172 1763 277 1832 estin
311 1760 403 1828 libris
434 1760 584 1846 scripto,
615 1779 696 1846 quas
725 1761 839 1828 Editor
861 1763 995 1850 quilibet
1024 1761 1154 1829 abiicit:
1189 1763 1284 1849 quale
1312 1771 1363 1831 est

171 1867 258 1957 apud
289 1868 513 1934 benosrnenen
545 1886 575 1952 p.
599 1871 678 1941 181,
702 1872 734 1934 9.
760 1874 824 1942 πῶς
847 1871 909 1950 χρὴ
939 1868 1107 1951 προσθοκάν
1130 1891 1200 1934 τινα
1225 1870 1361 1937 θπακοιί·

170 1977 303 2049 σεσθαι,
329 1974 361 2038 iu
383 1972 515 2056 antiquo
541 1970 698 2037 Moreiooo
725 1980 774 2037 est
802 1973 1038 2039 ὑπακούσασθαι
1056 1980 1087 2038 et
1104 1973 1295 2059 quisquilias
1319 1978 1359 2042 is·

172 2078 327 2148 tiusmodi
347 2076 455 2143 nullus
478 2097 539 2141 non
558 2078 698 2163 scriptus
724 2076 803 2143 liber
824 2079 942 2144 multas
966 2080 1118 2144 continet.
1165 2078 1233 2144 Non
1258 2080 1360 2147 aliun·

171 2185 213 2252 ‹le
239 2183 452 2271 explicabitur
471 2182 628 2266 quomodo
655 2184 717 2249 ista
742 2182 904 2250 barbaries
933 2193 997 2249 tam
1027 2202 1120 2268 saepe
1143 2185 1231 2251 nasci
1251 2195 1361 2272 potue·

173 2291 238 2367 rit,
260 2290 321 2355 nisi
341 2289 464 2354 scribas
494 2288 688 2356 intellexeris
711 2288 742 2353 in
771 2288 821 2354 bis
850 2288 963 2354 lormis
983 2308 1019 2353 eo
1040 2287 1154 2366 modo,
1187 2310 1251 2376 quo
1274 2290 1360 2370 dixi,

174 2393 305 2462 turbare
332 2395 444 2460 solere.
503 2396 637 2459 Perraro
667 2414 724 2479 pro
751 2395 869 2459 aoristo
893 2391 1040 2458 futurum
1062 2392 1222 2480 subrepit,
1246 2405 1359 2465 contra

171 2499 440 2588 frequentissime.
465 2501 571 2566 Etiam
595 2497 681 2563 aliud
695 2507 743 2565 est
756 2498 899 2565 eiusdem
923 2497 1046 2563 fraudis
1065 2498 1220 2565 indicium
1234 2550 1243 2577 ‚
1255 2521 1357 2587 quum

170 2607 283 2674 aoristi
304 2614 338 2675 et
358 2605 467 2672 lutura
481 2605 564 2671 male
580 2612 612 2670 et
635 2610 837 2691 praepostere
858 2603 1116 2690 copulantur‚ut
1135 2605 1168 2670 in
1183 2606 1356 2672 Teucrnme

168 2709 296 2779 11151.
320 2714 469 2778 κακθσειν
493 2712 545 2778 καὶ
563 2710 782 2792 χειρώσασθαι.
808 2708 860 2775 111.
880 2713 933 2774 ul.
957 2707 1048 2775 οίσειν
1067 2709 1119 2775 καὶ
1140 2713 1357 2793 προσκτήσασ-

168 2821 230 2887 θαι.
279 2816 366 2885 Idem
384 2837 486 2905 genus
509 2817 579 2883 vitii
597 2823 645 2883 est
666 2814 784 2881 ibitlem
811 2814 864 2880 Vl.
888 2818 940 2879 lb.
962 2815 1132 2898 θρμιεῑσθαί
1151 2840 1187 2882 τε
1207 2817 1259 2883 καὶ
1284 2841 1357 2900 ςρα·

167 2924 398 2993 τοπεθεθεσθαι.
434 2924 516 2990 Vlll.
541 2929 593 2989 711.
631 2921 774 3000 πολέμιοί
799 2946 836 2988 τε
866 2920 988 2987 ἔσεσθαι
1019 2923 1072 2988 κα1
1104 2923 1187 2989 οὐδὲν
1217 2925 1359 3006 ε’πικνρν·

169 3032 313 3098 κειίεσθαι
337 3038 368 3095 et
392 3050 454 3115 quo
481 3028 561 3094 1111111
585 3027 709 3094 foedius
729 3026 794 3092 vidi
817 3027 900 3093 Vlll.
923 3034 954 3094 5.
980 3027 1100 3109 ἕνθμιζε
1120 3030 1291 3108 κομιεῖσθαι
1311 3068 1357 3080 -

167 3136 221 3203 κα1
243 3138 378 3213 ποιήσειν
402 3135 453 3200 καὶ
473 3133 631 3216 Ἀμθργκν
651 3172 696 3182 -
716 3134 733 3209 ἢ
753 3132 853 3214 ζῶντα
871 3131 958 3209 ἀξειν
981 3138 998 3212 ἢ
1022 3135 1303 3214 ἀποκτείνειν,
1327 3137 1356 3202 si

166 3242 242 3329 quis
276 3242 308 3306 in
342 3239 527 3306 huiusmodi
560 3240 629 3305 loco
667 3238 852 3306 admonitus
885 3258 949 3303 nou
979 3241 1096 3306 sentiet
1130 3259 1149 3305 a
1178 3241 1355 3307 'lunerome

166 3350 351 3415 ἀποκτενεῖν
374 3346 531 3432 scriptum
552 3365 638 3422 esse,
659 3363 733 3408 eum
755 3362 791 3409 eo
816 3341 856 3408 de
876 3342 950 3408 aliis
960 3344 1057 3410 rebus
1079 3344 1275 3431 quibuslibet
1288 3365 1354 3411 ma·

168 3452 226 3519 lim
252 3449 409 3539 quamde
439 3469 474 3517 re
501 3450 713 3535 grammatica
741 3457 798 3515 aut
821 3449 937 3515 critica
956 3447 1143 3534 disceptare.
1181 3449 1354 3517 Sciendum

167 3568 279 3627 eutem
305 3564 352 3622 est
382 3575 420 3621 ex
452 3553 623 3640 permultis
648 3553 817 3620 (lodicibus
846 3573 1000 3640 apparere
1022 3552 1170 3618 librarios
1193 3554 1353 3621 incertum

167 3684 233 3753 qua
258 3662 298 3728 de
313 3681 411 3727 causa
429 3661 462 3725 iu
486 3658 592 3725 verbis
612 3656 776 3745 liquidatis
798 3658 945 3725 luturum
971 3659 1003 3724 in
1024 3660 1202 3746 praesentis
1219 3658 1355 3727 formam

166 3769 327 3854 relingere
339 3774 371 3832 ct
387 3764 561 3852 depravare
579 3763 694 3831 solere:
707 3764 810 3830 sicubi
826 3765 981 3849 ἀποφανῶ
995 3764 1184 3852 requiritur,
1201 3784 1355 3852 apparere

164 3874 248 3944 solet
272 3872 458 3955 ἀποφαίνω,
492 3890 549 3958 pro
571 3876 651 3941 τελῶ
679 3871 799 3947 elene,
821 3873 1152 3956 ρ1οφθερῶφθείροι,
1175 3892 1234 3959 pru
1256 3879 1352 3939 κτενῶ

165 3982 293 4058 κτείνω,
313 3978 393 4044 satis
417 3984 601 4042 constanter
621 3977 701 4055 μένω
726 3996 783 4062 pro
803 3983 906 4056 μενῶ,
936 3975 1020 4042 illem
1043 3977 1075 4042 in
1104 3976 1177 4043 aliis
1197 3979 1353 4064 eouspici·

165 4099 232 4155 tur.
280 4084 316 4150 ln
345 4084 493 4148 Pexrorus
516 4080 681 4147 Phaedone
710 4101 740 4166 p.
766 4085 828 4146 116
852 4102 880 4146 c.
913 4102 970 4168 pro
990 4080 1079 4159 ἦλθεν
1109 4084 1282 4162 ἀγγέλλων
1304 4103 1353 4149 re·

164 4195 249 4261 titue
276 4192 439 4270 ἀγγελῶν.
485 4187 522 4252 ln
548 4187 719 4252 Tnucrome
744 4185 796 4251 lV.
827 4191 902 4253 127.
927 4207 984 4273 pro
1006 4188 1190 4271 διαφθείρειν
1213 4188 1352 4256 rescribe

161 4299 347 4383 διαφθερεῖν.
371 4291 515 4360 timenda
543 4292 672 4360 brunner
695 4289 894 4357 Leoeroteom
915 4291 939 4382 §
963 4297 1026 4359 1116
1049 4294 1240 4360 ἀποκτείνειν
1257 4296 1354 4361 cuneb-

164 4428 267 4486 μοσαν
292 4410 324 4469 et
351 4405 423 4467 127.
458 4396 673 4478 διομωμόκατε
702 4396 841 4464 κτείνειν.
888 4397 1000 4463 lsneuu
1031 4397 1084 4464 IX.
1110 4403 1165 4465 50.
1190 4398 1352 4478 ἐπνγρίλ·

163 4525 236 4578 λετο
259 4507 457 4591 ἀποφαίνειν.
483 4505 594 4570 11111.
623 4502 836 4597 ἀμολθγιρσαν
855 4503 1000 4583 ἐμμένειν
1030 4511 1062 4569 et
1086 4509 1140 4570 53.
1165 4504 1351 4585 θραίισαντες

127 4630 131 4641 “
167 4613 265 4695 ἀμὴν
285 4614 427 4693 ἐμμένειν
448 4618 479 4676 et
504 4615 544 4676 55
562 4608 631 4690 lege
653 4613 692 4683 ὥς
715 4611 776 4687 ἐγὼ
795 4611 949 4691 ἀποφανῶ
974 4629 1031 4695 pro
1050 4609 1225 4694 ἀποφαίνω.
1257 4607 1351 4694 Apud

166 4720 388 4794 Deuosrnexeu
420 4717 492 4799 πρὸς
523 4718 695 4783 Φαίνιππον
728 4735 799 4801 pag.
834 4719 918 4781 1044
949 4736 1009 4780 non
1035 4721 1160 4781 tautum
1194 4714 1353 4799 patienter
