3309 5750
890 644 928 705 id

319 822 370 889 vel
391 820 633 887 oblectamento.
681 819 722 884 At
742 815 828 883 aliud
846 815 925 902 quid
945 823 994 881 est
1025 813 1110 900 ‹puod
1132 834 1188 880 nos
1212 834 1329 901 taragna
1356 836 1453 904 opere
1478 820 1509 888 in

317 946 355 994 ea
377 934 557 991 removeat
581 933 613 988 et
638 922 793 988 advertat.
843 920 904 1001 Qui
924 941 978 986 eas
997 919 1124 986 litteras
1146 929 1218 1007 post
1242 920 1361 987 librum
1385 922 1509 993 descri-

318 1038 411 1117 ptum
441 1028 481 1096 de
515 1049 602 1095 more
626 1028 771 1114 adpinxit
791 1037 824 1093 et
848 1025 1027 1091 immiscuit
1051 1024 1118 1091 sive
1142 1023 1227 1091 idem
1258 1024 1413 1093 librarius
1445 1031 1510 1099 sive

316 1135 422 1213 aliuS,
446 1133 529 1220 quod
554 1133 634 1199 mibi
659 1153 698 1200 ex
727 1132 890 1219 scriptura
923 1150 984 1195 non
1016 1131 1095 1195 satis
1126 1139 1346 1216 compertum,
1371 1133 1509 1202 incredi-

316 1239 374 1306 bili
417 1239 562 1306 socordia
593 1259 631 1304 ac
663 1238 845 1304 temeritate
871 1254 949 1301 usus
987 1235 1113 1301 litteras
1142 1234 1288 1321 adpinxit
1320 1244 1353 1303 et
1385 1238 1509 1314 addidit

313 1365 381 1412 non
404 1363 491 1432 quas·
507 1344 643 1410 omissas
664 1362 734 1409 esse
756 1342 860 1408 cuivis
882 1340 1053 1427 apparebat
1078 1338 1133 1406 sed
1157 1359 1238 1425 quas
1259 1360 1354 1406 casus
1381 1352 1441 1410 ant
1464 1344 1509 1410 lu-

319 1450 393 1517 bido
424 1450 571 1517 subiecit.
629 1447 663 1513 Si
694 1448 768 1533 quis
799 1446 928 1532 linguae
962 1447 1095 1511 Graecae
1120 1444 1213 1531 plane
1237 1446 1372 1531 ignarus
1399 1457 1434 1515 et
1468 1450 1510 1515 nil

316 1556 380 1622 nisi
403 1555 636 1622 elementorum
669 1552 856 1618 Graecorum
888 1552 1009 1636 figuras
1032 1550 1154 1616 calamo
1187 1550 1305 1617 ducere
1334 1549 1452 1620 doctus
1474 1574 1509 1621 ea

310 1660 489 1727 intervalla
509 1679 567 1725 suo
590 1657 749 1724 arbitratu
770 1656 879 1722 littera
899 1654 1046 1721 discolori
1069 1653 1210 1741 qualibet
1232 1656 1425 1743 explevisset
1449 1679 1508 1725 non

311 1773 446 1853 poterat
471 1764 612 1850 ineptius
640 1783 749 1830 errare
770 1771 802 1828 et
830 1761 939 1827 omnia
962 1780 1187 1847 corrumpere,
1212 1781 1309 1848 quam
1334 1762 1435 1829 istum
1459 1764 1508 1830 bo

319 1871 442 1937 minem
466 1868 498 1933 id
529 1866 642 1934 iecisse
662 1868 814 1954 comperi.
862 1866 908 1932 lie
931 1864 1091 1931 industria
1114 1866 1159 1931 ita
1185 1863 1306 1932 lactum
1331 1887 1402 1935 csse
1419 1878 1452 1936 et
1474 1867 1508 1934 li·

319 1974 371 2041 bri
392 1994 488 2040 usum
511 1972 656 2039 consulto
687 1971 877 2059 impeditum
903 1971 977 2056 quis
1000 1970 1132 2036 inducat
1167 1972 1200 2035 in
1231 1973 1404 2039 animum?
1452 1974 1509 2042 lla·

320 2078 435 2145 bemus
458 2079 621 2165 specimen
655 2078 789 2164 peritiae
821 2075 1037 2142 librariorum.
1094 2076 1276 2143 Destitutus
1307 2079 1509 2167 nescioquis

323 2183 438 2271 scripti
461 2183 534 2249 libri
566 2181 709 2248 subsidio
731 2182 845 2248 maluit
870 2181 1013 2248 litteram
1037 2181 1185 2268 supplere
1213 2182 1390 2268 quamlibet
1414 2206 1508 2271 quam

321 2290 465 2356 hiantem
488 2287 614 2354 lactucis
634 2287 753 2355 librum
775 2286 967 2373 relinquere.
1015 2285 1072 2352 Vel
1095 2287 1141 2352 sic
1167 2294 1275 2353 tamen
1302 2308 1339 2354 ea
1367 2290 1509 2358 socordia

322 2415 386 2463 non
421 2392 560 2460 multum
593 2392 779 2461 detrimenti
808 2391 988 2469 attulisset,
1020 2392 1048 2456 si
1081 2392 1154 2477 quis
1185 2392 1332 2459 scivisset
1356 2396 1442 2463 unde
1474 2415 1508 2462 m

322 2507 468 2568 monstra
500 2498 676 2565 lectionum
707 2506 814 2566 essent
834 2505 908 2563 nata
933 2505 966 2562 et
989 2516 1087 2582 quam
1107 2496 1188 2562 nibil
1211 2498 1252 2563 iis
1274 2498 1444 2567 elementis
1464 2522 1509 2569 es·

322 2613 371 2672 set
390 2603 609 2670 tribuendum.
656 2603 861 2671 Enumerabo
884 2602 1024 2688 primum
1048 2602 1169 2689 aliquot
1194 2624 1319 2671 errores
1343 2604 1421 2673 biuc
1444 2627 1510 2673 sus·

220 2712 221 2715 ’
322 2718 451 2797 coptos,
491 2728 571 2795 quos
606 2708 691 2775 docti
722 2709 945 2786 sustulerunt,
976 2706 1090 2774 deinde
1125 2717 1268 2775 caeteros
1300 2712 1415 2796 paucis
1447 2712 1512 2798 ipsc

313 2814 480 2902 ¹quomodo
509 2812 638 2880 tollendi
673 2814 738 2880 sint
773 2834 940 2903 exponam.
998 2811 1093 2879 Dedit
1127 2813 1278 2881 librarius
1307 2835 1365 2902 pro
1398 2817 1510 2894 Δίωνος

323 2921 450 2995 sinoce,
486 2921 603 3000 νοήμονν
628 2938 685 3004 pro
711 2919 847 3002 διῄρουν,
870 2921 982 3002 sptium
1003 2938 1061 3004 pro
1084 2920 1226 3003 Φρύγες,
1252 2922 1347 2988 κύκνον
1369 2943 1428 3009 pro
1450 2924 1512 3013 Λύ-

321 3048 398 3099 κιον,
423 3023 538 3101 cinicino
568 3042 625 3109 pro
656 3025 797 3102 Ποοίδοοο,
822 3023 909 3105 ζῆνον
933 3044 990 3110 pro
1012 3028 1150 3105 Εὐνοοῦ,
1167 3028 1275 3110 φόνων
1299 3046 1357 3113 pro
1374 3027 1511 3108 Μύσων,

315 3128 453 3207 δείνων,
485 3129 512 3194 si
536 3127 636 3193 Musis
659 3128 782 3215 placet,
811 3148 869 3214 pro
897 3127 1062 3208 Εὐξίθεος,
1097 3133 1269 3212 nuptiator
1305 3134 1514 3221 saepiuspro

322 3234 515 3316 Ἰοὶμβλοχος
538 3233 576 3323 (χ
595 3234 852 3320 superscriptum
876 3233 975 3300 relert
996 3233 1132 3302 lormam
1153 3235 1333 3322 compendii
1345 3263 1406 3318 ων,
1428 3238 1513 3325 quod

323 3340 468 3409 medium
497 3348 584 3406 secat
605 3348 741 3418 acutuS,
757 3339 844 3412 unde
867 3340 1002 3406 subinde
1023 3366 1075 3406 -ων
1099 3349 1131 3407 et
1151 3365 1221 3422 -χος
1241 3342 1513 3434 permiscentur),

322 3447 415 3514 θέλων
424 3467 481 3534 pro
490 3446 607 3524 Γέλων,
625 3447 715 3527 βέλει
728 3470 779 3526 μον
793 3465 851 3532 pro
862 3446 952 3526 μέλει
965 3497 974 3524 ,
993 3448 1127 3526 μνλήνον
1139 3466 1197 3532 pro
1209 3451 1343 3522 Φολντοῦ
1357 3499 1366 3525 ,
1379 3448 1512 3516 κοιλαίνων

322 3575 380 3642 pro
404 3553 565 3630 νοονοὶνων,
587 3550 718 3629 ξοὲθωνοο
747 3571 805 3637 pro
827 3551 984 3628 Βοέθωνος,
1015 3550 1113 3617 Soton
1140 3550 1178 3616 lit
1208 3551 1335 3635 φόλων,
1358 3553 1513 3621 Entxttm·

313 3680 400 3724 cuns
423 3657 603 3744 appellator
624 3653 836 3737 ὀρνξίμοχος,
868 3656 949 3721 ciro
974 3655 1112 3742 denique
1142 3664 1273 3743 repente
1294 3666 1440 3723 mutatus
1466 3666 1515 3725 est

321 3763 355 3830 in
379 3761 493 3829 τοὶτων.
541 3760 629 3826 ldem
652 3757 788 3824 subinde
806 3757 904 3825 cilicii
926 3762 1096 3826 immemor
1120 3761 1296 3829 litterulam
1319 3761 1437 3830 addere
1463 3774 1517 3847 su}

322 3865 480 3955 persedit:
517 3873 649 3952 apparet
670 3871 809 3946 ρωτῖνος,
833 3864 955 3942 notrum
987 3869 1107 3947 νμεών,
1131 3886 1227 3952 quem
1248 3867 1514 3936 Wrnrcumcnms

321 3973 356 4038 iu
387 3971 547 4036 Musourun
581 3969 705 4036 volebat
732 3977 877 4048 mutare,
913 3971 1034 4038 Srncon
1058 3980 1129 4050 est,
1152 3970 1306 4048 οίλευκος,
1330 3974 1513 4050 estiennot,

314 4077 473 4157 ,ένοοοχμος
498 4084 530 4140 et
553 4081 635 4158 οφῶν
659 4094 717 4160 pro
739 4077 856 4159 Ἰοφῶν.
906 4075 1003 4164 Opem
1028 4078 1174 4144 tulerunt
1198 4076 1337 4169 eruditi:
1358 4078 1422 4145 duo
1444 4088 1512 4145 tau·

313 4191 393 4248 ,tum
426 4172 566 4246 nondum
598 4180 795 4245 revixerunt.
854 4181 913 4247 Est
944 4185 977 4247 in
1003 4182 1112 4249 codice
1146 4182 1236 4249 locus
1262 4183 1318 4248 ubi
1338 4210 1359 4250 ω
1394 4184 1515 4272 legitur

323 4307 399 4353 cum
422 4286 627 4372 compendio,
652 4306 715 4371 quo
738 4310 778 4351 κν
799 4286 1024 4372 significatur:
1049 4288 1128 4372 πόνῳ
1151 4290 1193 4370 τῷ
1217 4288 1516 4377 nipe—napaeo-

323 4391 467 4458 τοοθετέον
501 4393 552 4457 τὸν
583 4390 661 4471 βίον.
710 4389 858 4470 seueros,
888 4394 943 4458 cui
979 4392 1057 4458 illud
1092 4393 1317 4480 compendium
1341 4394 1514 4462 obscurum

323 4506 393 4566 erat
423 4497 608 4563 annotavit:
635 4496 815 4581 »quodnam
840 4500 981 4564 auctoris
1013 4518 1128 4564 nomen
1153 4499 1213 4564 sub
1237 4499 1291 4565 illa
1314 4500 1515 4588 compendia·

326 4604 467 4677 riauoce
486 4602 582 4669 lateat
603 4602 748 4670 divinare
766 4625 826 4670 non
850 4605 975 4691 potui.''
1006 4604 1172 4686 Σωκράτης
1197 4615 1266 4685 est,
1290 4607 1345 4692 qui
1370 4606 1514 4675 dixerat:
