3309 5750
864 654 930 720 284

354 852 391 919 ln
414 853 610 919 Prometheo
631 852 661 930 7,
684 855 712 916 7.
734 852 768 916 in
788 850 859 915 aliis
877 849 927 916 est
947 848 1090 931 όψόμεθα
1104 850 1211 932 μικρόν
1229 848 1421 931 drepanio
1442 875 1494 917 an·

308 959 487 1049 tiquissimo
517 962 550 1024 B.
579 957 742 1038 εἰσόμεθα,
777 956 864 1047 qnod
889 966 1054 1048 receptum
1083 968 1141 1023 est.
1191 955 1294 1021 Affini
1321 980 1438 1024 errore
1463 959 1492 1023 in

312 1064 472 1153 Bt'nlogis
492 1064 706 1130 Mortnornm
728 1066 785 1142 10,
807 1067 870 1142 23,
891 1068 922 1129 3.
944 1068 1007 1135 πῶς
1024 1064 1056 1128 δὲ
1075 1061 1201 1138 κρίκείνὴ
1220 1063 1431 1143 προσὴσεταί,
1446 1087 1490 1139 σε,

311 1192 382 1261 pars
414 1168 571 1235 Codicum
599 1167 791 1248 προσόψεται
820 1166 959 1234 exhibet.
1007 1168 1091 1233 lline
1118 1168 1308 1235 Hnaonoro
1333 1167 1491 1235 subreniri

311 1288 417 1366 potest
445 1277 583 1366 graviter
612 1274 772 1339 laboranti
801 1273 857 1341 IV.
882 1277 955 1339 119.
981 1273 1015 1351 ἡν
1038 1274 1142 1353 μέντοι
1170 1272 1241 1354 ε’πίρ
1266 1273 1323 1337 καὶ
1357 1276 1412 1340 ἐπὶ
1437 1279 1491 1352 ’τὴν

312 1381 463 1462 ἡμετέρην
484 1379 561 1462 όορξρρ
577 1404 613 1444 τε
634 1378 761 1443 οὶδικέυν
782 1379 836 1443 καὶ
857 1380 947 1457 ἡμεῖς
968 1379 1003 1444 od
1020 1378 1209 1457 πεισόμεθα,
1236 1377 1403 1467 seriptum
1422 1381 1490 1446 olim

315 1486 411 1551 luisse
428 1497 508 1576 puto
529 1487 562 1550 οὐ
578 1466 745 1565 τίοψόμεόα
764 1483 797 1549 id
815 1495 863 1549 est
879 1486 912 1548 od
931 1482 1154 1563 περιοψόμεθα,
1173 1493 1207 1547 et
1228 1480 1314 1547 nihil
1338 1488 1489 1577 supererit

314 1591 521 1657 difficultatis.
1076 1642 1079 1648 .
1163 1591 1166 1598 ’

359 1696 397 1762 In
427 1692 580 1761 Chorene
603 1698 658 1773 12,
677 1698 708 1760 9.
740 1694 989 1761 ε’λασείοντιὲπὶ
1014 1693 1132 1759 Λυδίαν
1154 1692 1266 1774 ἔοικεν,
1288 1696 1435 1785 optImns
1454 1699 1486 1766 ll.

312 1800 396 1864 male
417 1798 561 1864 ἐλοίσοντι
583 1797 687 1876 dedit,
716 1822 782 1864 non
801 1799 999 1890 infrequenti
1018 1806 1143 1877 errore,
1171 1810 1208 1863 ut
1229 1798 1263 1863 in
1281 1800 1487 1871 :Tuncrnrnn

314 1902 402 1968 VIII.
423 1907 477 1970 89.
509 1915 555 1967 est
586 1904 788 1981 ἀπαλλάξειν
817 1927 878 1996 pro
902 1905 1150 1983 οὶπαλλοοξείειν,
1186 1906 1274 1995 quod
1302 1908 1488 1997 perlucete

314 2008 416 2074 vorbis
435 2006 631 2074 Scholiastae
649 2010 901 2083 οὶπαλλκκτικῶς
918 2010 1014 2091 ἔχειν.
1042 2009 1230 2102 rid.·P1nn'S.'
1245 2010 1288 2076 ad
1307 2012 1489 2081 Monam!

313 2120 417 2207 p..14.
466 2113 553 2180 Illud
578 2114 683 2206 ipsum
705 2114 835 2180 verbum
857 2115 1074 2181 Xnnonnonn
1098 2114 1300 2184 reddendum
1329 2123 1487 2207 es'seeen·

312 2245 366 2287 seo
386 2221 419 2287 in
438 2222 595 2287 Anadaso'
620 2218 687 2287 VII.
711 2240 734 2287 1.
755 2225 787 2288 4.
812 2222 952 2304 Ξενοφῶν
978 2220 1010 2285 δὲ
1033 2217 1119 2287 εἶπεν
1147 2223 1230 2303 αὐτῷ
1252 2221 1305 2288 ’ότι
1335 2227 1485 2292 σίπαλλοί-

310 2328 392 2405 ξοιτο
422 2326 476 2401 ἡδὴ
501 2327 564 2391 οὶπό
591 2334 647 2401 τὴς
674 2329 804 2407 τρατιῖις
831 2326 884 2391 καί
911 2327 1055 2405 βούλοιτο
1080 2328 1254 2401 οίποπλεῖν,
1289 2327 1367 2419 lego
1384 2333 1485 2397 οἶπαλ·

310 2433 432 2512 λαξείοι
456 2456 492 2496 τε
517 2432 571 2507 ἡδὴ
595 2431 661 2496 κτὲ.
923 2443 925 2448 ’
1483 2494 1486 2500 ,

358 2538 397 2606 In
417 2538 626 2628 Hermotimo
648 2538 711 2614 20,
735 2538 790 2601 76.
818 2534 878 2606 τοὶς
903 2533 961 2611 μὲν
985 2534 1060 2615 γόορ·
1075 2534 1265 2615 ὑποσχέσεις
1290 2539 1397 2607 alnedo
1420 2544 1486 2607 θοιο-

314 2644 424 2723 μοοςοίς
448 2667 552 2720 τινας,
575 2642 671 2718 ἡλίκα
692 2641 961 2719 εὐδαιμονήσουσιν
985 2641 1011 2704 οἱ
1033 2640 1064 2710 ἐς
1083 2640 1117 2704 τὸ
1135 2639 1308 2719 οίκρότοιτον
1334 2645 1485 2720 ἐλθόντες,

315 2749 475 2816 verissima
496 2760 543 2812 est
565 2747 709 2813 (ἔκευθεν
728 2743 910 2812 emendatio
933 2744 1028 2819 ἡλίκα
1048 2767 1107 2833 pro
1127 2743 1234 2821 ἡνίκα,
1262 2750 1353 2835 quod
1377 2773 1487 2841 quam.

315 2879 411 2947 quarn
440 2875 533 2918 sensu
564 2875 696 2916 vaenum
727 2862 773 2915 est
802 2862 907 2915 tamen
933 2872 1043 2914 omnes
1064 2849 1161 2915 libros
1184 2850 1318 2920 obsidet.
1370 2857 1486 2924 Iladem

314 2958 402 3023 labes
422 2957 653 3022 Ilnnosannrns
674 2957 783 3021 locum
801 2955 914 3021 infecit
932 2954 973 3019 de
993 2955 1034 3022 F.
1054 2955 1093 3021 L.
1112 2981 1144 3046 p.
1167 2958 1243 3036 387,
1267 2963 1318 3026 16.
1342 2954 1402 3029 ὀὐκ
1424 2965 1487 3031 ὣς,

313 3064 405 3135 νκσθε
437 3067 538 3134 κακῶς
567 3061 664 3136 ἡνίκοο
686 3061 855 3139 ἐβούλεσθε
881 3067 977 3124 ποιεῖν
1006 3061 1135 3133 ἐκεῖνον,
1172 3061 1228 3151 ubi
1249 3065 1348 3140 ἡλίκοι
1378 3068 1486 3160 legen.

316 3169 412 3246 dnm,
436 3164 523 3256 quod
545 3166 688 3256 egregius
708 3166 895 3232 Parz'sz'nus
915 3163 937 3231 S
958 3165 1073 3232 frustra
1096 3166 1232 3252 obtulit,
1257 3183 1290 3235 et
1313 3174 1367 3239 vel
1386 3175 1487 3242 invitis

313 3272 402 3340 libris
427 3272 576 3339 omnibus
600 3283 667 3338 erat
691 3271 933 3338 restituendum.
960 3289 964 3294 ’
1003 3287 1006 3293 ·

317 3442 322 3457 ,
360 3379 399 3445 In
429 3384 487 3457 25,
513 3382 565 3447 28.
594 3391 679 3444 recte
707 3378 813 3470 editur
843 3379 914 3459 ὁρῶν
942 3378 1127 3459 Μαλχίωνα
1151 3381 1203 3445 τδν
1230 3381 1327 3463 Σύρον
1356 3383 1485 3467 σκοίρονς

317 3484 536 3565 παμμεγέθεις
563 3482 667 3561 ἀξίους
688 3483 874 3562 ὠνούμενον,
904 3480 986 3548 bene
1007 3494 1039 3546 et
1058 3483 1216 3550 Ἀττικιςί
1235 3487 1346 3573 posuit
1368 3488 1488 3554 Lucra·

315 3612 377 3658 nus
406 3591 511 3668 οίξίους
541 3612 599 3678 pro
627 3591 768 3663 εὐώνους,
805 3601 840 3653 nt
868 3589 952 3678 apud
979 3589 1108 3667 Veteres
1132 3601 1314 3656 constanter
1333 3593 1439 3672 τίμιος
1459 3605 1488 3658 et

314 3699 399 3776 ἄξιος
429 3695 470 3761 de·
490 3719 593 3761 rerum
617 3695 726 3784 pretiis
751 3707 989 3786 opponuntur..
1016 3696 1164 3763 Graeculi
1185 3696 1263 3786 qnid
1283 3711 1367 3765 esset
1385 3701 1487 3777 οὲἔίους

318 3828 381 3869 non
401 3803 679 3891 satiseapiebant:
708 3803 818 3891 itaque
843 3803 956 3869 rodere
980 3800 1063 3867 hane
1084 3802 1327 3893 scripturam'et
1347 3805 1489 3896 interpo-

317 3910 384 3974 lare
418 3919 612 3996 coeperunt,
645 3907 761 3992 stolide
788 3919 824 3972 ut
856 3909 972 3974 omnia.
1019 3908 1163 3974 Eradunt
1190 3935 1205 3983 ς
1235 3923 1271 3975 ut
1297 3911 1388 3988 οὶξίου
1411 3923 1490 3979 esset

319 4015 383 4099 oili
399 4017 534 4100 pretio,
564 4033 676 4100 eaque:
693 4021 750 4076 ost=
766 4012 862 4077 lectio
889 4014 922 4077 in
945 4011 1047 4080 Codd.
1062 4013 1097 4078 .G
1116 4014 1144 4079 Ι)
1166 4016 1209 4096 n,
1239 4017 1359 4082 caeteri
1388 4019 1489 4096 οίξίους

319 4128 492 4182 servarunt.
526 4117 629 4182 Multo
652 4117 746 4185 etiam
768 4118 859 4208 peius
879 4119 912 4185 in
933 4119 1029 4185 simili
1050 4143 1083 4186 re
1107 4122 1160 4186 isti
1180 4123 1365 4188 mulcarnnt
1383 4124 1490 4192 locum

317 4223 350 4287 in
380 4223 463 4287 libro
500 4224 541 4288 de
566 4247 749 4314 puerorum
779 4225 972 4291 educatione
1005 4226 1038 4289 in
1070 4226 1269 4294 Pnnrnncnr
1299 4229 1490 4295 Moralidus

319 4353 350 4420 p.
373 4335 392 4394 5
413 4350 439 4392 e.
470 4327 575 4407 Sunt,
598 4329 721 4419 inquit,
745 4334 806 4418 qni
824 4331 999 4397 adulteria
1021 4341 1053 4395 el
1073 4332 1243 4397 libidinem
1267 4343 1375 4398 morte
1391 4358 1491 4400 nena-

317 4437 380 4500 lem
408 4443 588 4524 appetant,
621 4434 786 4519 ψιλοσόψιρ
822 4437 853 4502 δὲ
892 4437 1100 4515 ὁμιλήσαντες
1135 4432 1215 4516 οὗτοι
1249 4440 1282 4502 οὐ
1316 4449 1382 4513 τοῖς
1416 4440 1491 4513 ἴσοις

321 4542 404 4632 (lege
424 4543 457 4607 od
474 4540 635 4613 τοιούτοιςΙ
652 4527 738 4628 lodo)
771 4540 959 4621 προίγμασιν
983 4542 1111 4612 ἑαυτοὺς
1136 4541 1174 4606 oio
1197 4546 1402 4618 καταπειθεῖς
1429 4554 1491 4611 πα·
1530 4587 1534 4600 =

322 4633 485 4739 ρέσχοντο,
511 4646 566 4712 καί·
594 4644 631 4711 τό
655 4671 694 4724 γε
724 4645 950 4731 παράγγελμα
978 4652 1033 4710 τοῦ
1059 4647 1225 4724 Διογένους
1257 4647 1370 4728 ἔμαθον
1395 4649 1491 4722 θινός

323 4739 474 4835 ψορτικῖος
495 4750 552 4832 μὲν
575 4758 639 4829 τοῖς
652 4752 792 4834 ἡὴμοοσιν,
807 4750 931 4826 οὶλὴθῶς·
948 4750 979 4817 δὲ
993 4746 1059 4823 τοῖς
1083 4749 1253 4845 πράγμασι
1265 4763 1423 4834 ,παραινεῖ
1438 4755 1494 4822 καί
