3309 5750
862 628 901 688 18

289 778 491 884 Quamquam
515 803 640 862 certum
665 803 714 863 est
735 796 835 864 Dares
851 808 1036 868 constanter
1059 820 1170 869 omues
1191 823 1249 891 pro
1267 809 1355 884 ἡμεῖς
1380 804 1481 886 ἄμθς,

289 924 348 991 pro
372 906 458 983 ἡμᾶς
482 900 601 969 dixisse
623 903 708 984 ἄμέ,
735 923 930 991 quamquam
959 914 1086 972 constat
1106 908 1255 975 librarios
1281 909 1345 975 illis
1369 908 1485 978 turmis

289 1007 486 1075 substituere
506 1006 606 1074 solere
629 1008 748 1075 Atticas
767 1019 824 1075 aut
847 1010 1030 1077 Homericos
1052 1011 1160 1094 ἄμμες
1182 1024 1214 1080 et
1236 1014 1346 1094 ἄμμε,
1370 1022 1485 1081 tamen

288 1111 381 1180 video
400 1114 568 1201 plerosque
581 1134 692 1181 ornnes
715 1114 854 1182 editores
871 1116 967 1183 malle
986 1137 1060 1183 cum
1082 1120 1247 1186 codicibus
1259 1139 1368 1187 errare
1382 1139 1483 1205 quam

288 1238 364 1284 oum
390 1220 514 1285 criticis
549 1240 624 1288 vera
656 1222 787 1287 sentire.
846 1221 966 1289 Eadem
996 1225 1080 1289 ratio
1104 1233 1153 1290 est
1177 1227 1210 1290 in
1235 1226 1311 1306 ὑμές
1346 1233 1381 1292 et
1409 1224 1484 1305 ὑμέ.

287 1322 472 1391 Indubitate
500 1325 578 1393 haec
603 1335 702 1404 sunt,
729 1334 860 1405 tamen,
884 1336 921 1393 ut
945 1328 1094 1414 queritur
1117 1329 1314 1397 Hrnnonrnos
1335 1331 1370 1396 in
1387 1352 1482 1416 praa·

290 1433 350 1518 sat.
380 1432 421 1497 ad
439 1431 632 1498 Psaltera'um
657 1433 787 1497 »uidetis
811 1433 886 1519 pluo
907 1436 1070 1521 antiquum
1093 1457 1231 1501 errorem
1250 1458 1345 1523 quam
1368 1458 1483 1504 nouam

290 1536 533 1603 ernendationcm
550 1537 665 1603 ualere
713 1538 923 1605 Perlubeuter
940 1542 1137 1607 Pnurnncuus
1160 1542 1331 1627 Spartanos
1350 1540 1484 1609 inducit

290 1641 540 1723 λακαιίζανσας,
571 1642 628 1708 sed
655 1664 712 1729 per
743 1643 893 1711 librarios
922 1666 985 1712 nou
1014 1647 1117 1713 licuit.
1165 1647 1336 1714 Pusronnx
1362 1648 1485 1714 oratori

290 1746 414 1826 Attico,
449 1749 505 1833 qui
539 1747 798 1815 Lacedaemonios
831 1752 965 1829 ἄμαθεῖς
1003 1752 1235 1838 appellitarat,.
1253 1755 1361 1833 ὀρθῶς,
1397 1752 1484 1837 ἔφη,

253 1858 257 1863 ’
289 1852 417 1932 λέγεις,
439 1853 522 1932 μίνσι
542 1855 606 1937 pap
619 1859 775 1934 Ἑλλήνων
795 1855 926 1936 ἄμμες
947 1858 1030 1925 οὐδὲν
1051 1859 1145 1924 κακὸν
1165 1861 1396 1938 μεμαθήκαμεν
1408 1861 1483 1943 παρ’

291 1959 375 2038 ὑμῶν
405 1979 455 2046 ap.
490 1961 582 2026 Pnur.
615 1966 648 2025 in
682 1960 819 2049 churp.
844 1964 912 2030 XX.
943 1984 1046 2030 unum
1076 1963 1268 2030 vocabulum
1291 1965 1395 2030 erasit
1426 1963 1483 2031 sed

291 2084 356 2131 nou
376 2065 446 2132 siue
465 2066 565 2133 malo:
579 2066 716 2132 ridicule
740 2088 825 2134 nunc
848 2068 1054 2136 Homericum
1078 2067 1187 2149 ἄμμες
1208 2069 1364 2135 inseritur
1375 2069 1483 2136 verbis

292 2168 428 2237 Attius:
452 2173 536 2251 μίνσι
560 2172 633 2255 γὰρ
653 2173 835 2253 Ἑλλᾶνων,
860 2174 1006 2251 dixerat,
1034 2174 1129 2253 ἄμὲς
1154 2175 1237 2241 οὐδὲν
1263 2176 1357 2241 κακὸν
1377 2199 1482 2255 μεμα·

292 2277 429 2357 θιίκαμες
454 2280 517 2361 nup
542 2280 652 2359 ὑμέων.
708 2280 881 2345 Notissima
916 2279 1142 2363 Spartanorum
1170 2279 1330 2346 cantilena
1350 2279 1427 2348 ibid.
1453 2299 1482 2346 e.

291 2381 366 2449 XXI
381 2384 568 2451 etiamnunc
591 2387 639 2452 sic
661 2386 789 2452 editur:

490 2492 622 2574 ’Άμμες
647 2494 717 2559 ποκ’
741 2490 817 2570 ἦμες
842 2488 971 2570 ἄλκιμοι
994 2490 1122 2557 νεανίαι.

493 2596 602 2679 ἄμμες
626 2598 658 2664 δέ
681 2602 715 2678 μ’
739 2596 836 2677 εἰμέν.
860 2597 893 2662 ai
918 2597 949 2662 δὲ
972 2607 1030 2680 λῇς
1055 2603 1164 2678 στεῖραν
1187 2594 1283 2675 λαβί.

495 2703 604 2784 ἄμμες
628 2704 660 2770 δέ
682 2705 716 2782 μ’
740 2701 916 2782 ἐσσόμεσθα
940 2704 1046 2784 πολλῷ
1070 2700 1220 2785 κᾶρρσνες.

291 2808 383 2893 quasi
404 2827 559 2895 umquam
588 2808 635 2873 sic
661 2808 831 2894 quisquam
856 2807 1086 2872 lacedaemona
1105 2814 1190 2873 esset
1208 2805 1346 2871 loeutus.
1378 2805 1481 2889 Quam

290 2932 385 2999 saepe
406 2913 490 3000 apud
514 2915 715 2980 Pnornnouun
736 2913 874 2978 Lucanas
896 2915 929 2989 ab
955 2916 997 2978 ςῖι
1021 2914 1074 2979 σιώ
1095 2920 1169 2987 aut,
1192 2911 1277 2999 quod
1300 2911 1403 2977 multo
1425 2933 1481 3000 pe-

294 3015 346 3081 ius
364 3025 432 3095 est,
457 3019 491 3094 ab
510 3022 551 3084 σὼ
576 3019 630 3084 θεώ
654 3018 773 3084 liabent
797 3020 829 3083 in
852 3037 926 3096 ore,
961 3038 1061 3104 quum
1082 3026 1208 3084 certum
1229 3018 1273 3083 sit
1301 3026 1332 3083 et
1359 3017 1481 3084 dixisse

293 3120 365 3188 illos
389 3131 422 3189 et
445 3124 647 3190 Prurnneuon
674 3124 862 3210 scripsisse:
885 3121 933 3188 ναί
964 3130 1006 3193 σὼ
1037 3126 1101 3189 aad.
1159 3124 1264 3191 Unum
1291 3122 1397 3189 locum
1431 3123 1484 3190 ad·

294 3227 369 3295 dam
394 3250 433 3296 ex
454 3230 520 3295 vita
544 3231 720 3297 Acuxnnnnr
752 3251 821 3316 cap.
843 3230 907 3296 XL.
954 3229 1068 3296 Λᾶκων
1092 3229 1286 3312 πρεσβευτὴς
1310 3229 1484 3311 σαμαμενθ·

293 3360 384 3417 μενος
413 3337 498 3420 αὐτῷ
529 3337 641 3403 λίσντα
669 3336 912 3418 καταβᾶλλσνσι
935 3336 1041 3416 μέγαν
1070 3331 1158 3402 εἶπε·
1183 3341 1286 3408 καλῶς
1308 3359 1368 3414 νε,
1394 3334 1484 3401 Ἀλί-

292 3442 422 3528 ξανδςε,
453 3444 525 3527 πρὸς
549 3443 601 3510 σίν
624 3443 737 3510 λε’σντα
769 3445 918 3523 ἠγώνισαι
947 3443 1014 3524 περί
1045 3442 1104 3516 σᾶς
1128 3441 1317 3522 βασιλείας,
1343 3461 1409 3506 una
1431 3461 1483 3506 uo-

296 3550 391 3629 cula,
421 3552 452 3615 in
485 3570 549 3637 qua
580 3557 733 3617 accentus
758 3557 884 3616 tautum
907 3547 1101 3634 depravatus
1133 3555 1202 3626 est,
1227 3546 1385 3612 indicium
1409 3546 1486 3613 lacit

294 3655 428 3722 Lucanis
462 3656 655 3741 sublingua
683 3655 865 3740 loquentis,
892 3672 967 3717 narn
990 3654 1142 3735 neptunia
1168 3653 1338 3733 βασιλείας
1370 3673 1483 3720 verum

294 3780 363 3827 esse
382 3760 486 3847 palam
512 3769 571 3827 est.
607 3760 720 3846 ltaque
744 3758 868 3844 reliqua
882 3757 958 3822 olim
979 3758 1026 3822 sic
1050 3757 1172 3844 scripta
1195 3756 1347 3825 luerunt:
1371 3758 1483 3826 παισίν

293 3866 406 3933 λέοντα
429 3863 580 3945 ἄνᾶνιξαι
605 3864 672 3946 περ)
696 3868 756 3939 τᾶς
780 3863 960 3942 βασιλείας.

341 3972 476 4039 Dativus
493 3971 692 4036 [torinneium
711 3970 788 4049 ἄμῖν
810 3989 872 4035 uon
897 3968 1029 4036 meliore
1046 3967 1175 4035 fortuna
1198 3970 1248 4035 uti
1260 3969 1362 4044 solet,
1389 3975 1427 4035 ut
1449 3969 1483 4034 in

294 4077 388 4144 Puor.
416 4077 534 4164 Aperit.
569 4096 638 4162 cap.
659 4076 698 4141 ll.
731 4079 763 4141 οὐ
788 4075 851 4158 γὰρ
881 4076 1028 4155 βασιλεῖς
1056 4074 1159 4156 ἄμμιν
1183 4075 1273 4139 ἄλλα
1303 4075 1485 4153 βασιλεβια

294 4183 459 4264 νεννᾶσει,
483 4181 538 4247 uhi
562 4184 639 4263 ἄμῖν
660 4190 691 4248 et
715 4189 864 4261 γεννασεῖ
886 4180 1105 4268 reponendum
1129 4180 1305 4267 eademque
1324 4179 1485 4246 medicina

293 4291 414 4378 passini
435 4291 468 4353 iu
490 4289 601 4355 eodem
628 4287 736 4353 morbo
758 4287 926 4352 utendum.

341 4395 388 4460 Ad
420 4393 577 4462 Sronnnun
600 4401 633 4461 et
652 4391 862 4480 Appenninum
885 4392 1102 4458 Florentinum
1133 4390 1239 4458 redeo.
1298 4392 1337 4457 ln
1367 4390 1486 4458 Ancur-

294 4521 350 4569 rnu
374 4499 442 4566 loco
468 4499 528 4564 sub
551 4499 681 4565 initium
713 4498 866 4565 mendum
888 4498 967 4565 latet
990 4498 1023 4562 in
1046 4496 1117 4563 his:
1153 4498 1277 4569 αατεᾶν
1301 4496 1410 4580 ἔφεσιν
1426 4500 1486 4570 σᾶς

287 4607 408 4690 ’σοφίας
434 4606 486 4672 aaa
511 4606 634 4672 ταύταν
658 4626 688 4692 p.
714 4610 801 4683 741,
827 4610 857 4669 5.
890 4604 941 4670 διᾶ
973 4601 1096 4670 ταύταν
1118 4603 1255 4690 intelligi
1279 4624 1342 4670 non
1367 4609 1483 4690 potest.

287 4711 458 4800 Sapientia
488 4711 524 4778 ab
554 4733 586 4778 se
616 4713 682 4798 ipsa
706 4712 826 4778 dicitur
848 4709 1045 4797 expetenda:
1080 4708 1213 4776 emenda
1240 4709 1343 4795 igitur
1365 4709 1404 4774 δι’
1434 4710 1487 4775 αὐ-
