3309 5750
735 697 776 759 st

392 875 451 940 ἐ’ύιν
474 874 509 938 δὲ
528 875 575 952 μή
597 893 642 938 σοι
668 869 906 952 καταγαρεύσρ,
973 881 976 888 ’

167 1000 185 1046 n
210 986 303 1065 poeta
328 979 426 1044 scribi
449 997 511 1044 non
535 978 662 1065 potuit,
687 996 761 1042 num
783 975 921 1057 κατείτη
943 972 1122 1058 oportebat,
1151 978 1279 1064 scripsit
1299 1003 1355 1047 κα·

167 1089 334 1169 ταγορεύη.
383 1085 450 1151 Non
473 1092 522 1149 est
545 1081 687 1148 diffinitis
710 1083 797 1167 optio
819 1089 928 1146 utrum
949 1080 982 1144 in
1009 1078 1114 1166 Verpir
1130 1099 1177 1146 ts.
1200 1087 1286 1151 952:
1322 1123 1324 1130 ·

398 1187 472 1264 όσας
497 1189 693 1270 κατηγόρησε
717 1188 777 1261 τὰς
800 1185 991 1266 πανουργίας

169 1317 210 1361 un
234 1295 445 1378 κατηγόρεοοε
466 1296 509 1360 sit
532 1292 747 1379 probandum,
773 1311 860 1357 num·
880 1290 938 1356 hoo
957 1290 1070 1356 Atticis
1089 1300 1139 1357 ost
1157 1292 1356 1373 inauditunn

168 1409 338 1488 prsuetereu
353 1406 547 1480 κατηγορεῖν
577 1405 610 1464 et
637 1398 858 1479 καταγορεύειν
888 1403 953 1462 turn
983 1404 1074 1462 nerto
1107 1395 1296 1467 disorimins
1316 1409 1355 1469 et

170 1515 238 1572 tom
262 1506 453 1591 perspicuo,
485 1512 521 1569 ut
544 1504 674 1589 opinor,
705 1503 840 1569 diremtos
864 1508 960 1578 sunt,
985 1510 1020 1565 ut
1045 1502 1191 1570 uniusne
1213 1506 1276 1584 sit,
1300 1509 1356 1595 qui

171 1611 270 1677 inodo
300 1609 478 1675 nerinorum
509 1627 636 1674 errores
663 1608 773 1674 οοιοίοοί
794 1608 976 1691 corrigere,
1010 1607 1130 1693 utrique
1160 1613 1357 1681 constituero

175 1716 243 1780 utri
267 1715 362 1781 serbo
386 1714 558 1780 tusus-sit
606 1713 688 1795 Qum
720 1711 852 1800 imponit
881 1713 948 1778 ύδού
979 1711 1132 1795 πάρεργον
1148 1733 1199 1781 ex
1225 1716 1285 1782 Ιιοο
1303 1718 1357 1784 ott·

173 1821 354 1886 servatione
377 1820 490 1885 Lrsmu
513 1818 633 1905 triptici
663 1817 779 1886 mento
811 1818 958 1884 liberum.
1005 1818 1248 1903 hegisurum.
1270 1824 1355 1891 xttt.

169 1923 206 2012 §-
229 1929 282 1990 51.
307 1928 360 1991 ούκ
383 1924 477 1989 ἐδόκει
497 1926 604 1998 αύτούς
626 1921 758 1990 ἅπαντα
780 1925 902 1998 τιὶληύῆ
926 1948 973 1988 πον
996 1928 1252 2006 κατηγορηκίναι.
1277 1931 1355 1996 Λαο-

167 2050 283 2107 nosue,
308 2029 345 2094 tle
369 2049 432 2115 quo
451 2028 527 2094 hooc
547 2028 720 2106 dicuntur,
745 2049 808 2094 non
832 2037 902 2094 erat
925 2031 1095 2111 κατήγορος
1120 2031 1175 2098 sut
1198 2037 1355 2113 μηνντιίς,

165 2136 276 2220 itnqne
295 2135 506 2215 nortpertum
531 2135 670 2220 requiro.
705 2133 745 2199 Gi
779 2133 894 2222 §.tim
919 2133 973 2199 utri
997 2136 1093 2202 verbu
1111 2137 1179 2219 περί
1202 2135 1240 2204 ύν
1260 2139 1354 2220 ’Ard-

166 2263 257 2323 ρατος
285 2241 464 2319 κατείρηκεν
493 2258 533 2304 ex
557 2239 637 2324 ipsis
662 2240 852 2321 ψηφίσμασι
876 2248 983 2305 sumtu
1006 2248 1102 2319 sunt,
1123 2249 1156 2307 ot
1178 2241 1220 2308 nir
1241 2242 1355 2311 Lrsnn

165 2345 274 2412 verbis
305 2343 543 2428 distinguenda.
590 2343 624 2408 Ιιι
649 2342 793 2410 uiusttem
818 2346 962 2411 oratione
988 2345 1053 2412 t'tt.
1085 2345 1189 2434 §ou
1225 2350 1291 2428 ίμοί
1321 2351 1353 2418 tt

167 2452 251 2518 δοκεῖ
279 2446 358 2514 εἶναι
389 2448 508 2529 εἰπερ)
541 2448 641 2514 αὐτῶν
664 2449 720 2526 μδν
744 2451 770 2516 σι’
794 2450 1033 2531 βασανιζόμενοι
1068 2460 1353 2535 κατηγοροῦσιν

165 2552 200 2622 εὖ
224 2551 416 2629 εἰδότες-ότι
429 2555 655 2620 απούανοῦνται
669 2601 677 2622 .
691 2554 767 2636 περὶ
792 2555 822 2620 δὲ
846 2562 906 2620 τῶν
929 2556 1101 2634 δεσποτῶν,
1123 2552 1166 2630 οἷς
1189 2559 1352 2640 πεφύκασι

165 2662 404 2735 κακονούςατοις
429 2664 556 2739 μᾶλλον
583 2657 622 2724 όν
642 2655 757 2724 εἵλοντο
780 2660 950 2740 ανύχεσίαι
971 2660 1209 2741 βασανιζόμενοι
1234 2664 1252 2741 η
1276 2687 1354 2731 κατε

165 2768 308 2841 ειπόντες
345 2763 558 2847 απηλαοίχύαι
593 2772 653 2830 τῶν
688 2764 844 2845 παρόντων
876 2772 1004 2840 essuos
1032 2769 1088 2853 qui
1126 2765 1242 2834 tisun
1274 2767 1356 2836 liene

165 2882 288 2939 norunt
311 2881 342 2938 et
365 2872 435 2953 περί
457 2896 542 2946 τινος
560 2879 746 2953 κατηγορεῖν
775 2890 838 2936 uon
868 2880 1005 2950 norunt,
1028 2881 1184 2960 reponent
1209 2896 1353 2956 καταγι·

164 2980 299 3062 ρεόοοσιν
322 2985 360 3043 et·
374 2976 587 3063 supplebunt:
605 2979 678 3057 ύριοὶ
698 2979 731 3043 δὲ
753 2977 838 3043 δοκεῖ
859 2976 1006 3045 ἄτοπον
1028 2975 1116 3046 εἶναι.
1149 2980 1279 3049 Misnoet
1300 3002 1353 3052 ins

164 3084 436 3172 praestantissimi
468 3082 628 3161 (iunioris,
653 3088 747 3150 ouius
769 3102 854 3149 unus
873 3082 958 3149 tiber
978 3083 1174 3153 deterrimus
1197 3088 1351 3174 puuoulus

164 3191 327 3257 orntionos
350 3188 471 3255 inseras
485 3197 517 3255 et
540 3190 629 3255 vitiis
651 3188 839 3274 urendisque
862 3208 957 3255 omno
977 3208 1080 3275 genus
1102 3192 1288 3279 inquinatas
1310 3194 1351 3263 st

165 3316 224 3362 nos
248 3296 445 3382 propagavit.
477 3293 513 3360 Si
536 3295 745 3361 Tnnonnorsrr
776 3292 1180 3382 characteres-exceperis,
1203 3303 1350 3369 omniunt

165 3403 308 3489 pessime
328 3400 436 3465 Lssrrs
456 3398 619 3464 muluatus
636 3397 879 3463 circumfertur.
927 3397 1011 3477 Quid
1034 3400 1074 3463 iis
1095 3399 1215 3478 ineius,
1241 3407 1296 3490 qni
1318 3408 1350 3473 in

165 3509 311 3579 erutione
330 3506 383 3570 Vl.
409 3503 485 3592 §lu
533 3504 708 3579 Ἀνδοκίδης
734 3501 910 3569 όνσιούσουσι
935 3502 1075 3570 seribere
1097 3513 1271 3589 pnttterunt
1294 3530 1353 3596 pro

166 3615 272 3686 ύυσίας
297 3614 379 3678 όύσει
404 3621 436 3677 et
460 3609 528 3675 ΧΗ.
560 3608 583 3698 §
602 3613 645 3675 86
668 3628 725 3694 pro
746 3614 804 3674 τῶν
824 3606 1021 3686 ξυνερούνταν
1044 3611 1150 3683 αὐτοῖς
1173 3609 1259 3688 ἄξιον
1279 3617 1351 3681 δαυ-

165 3720 299 3801 μύζειν,
322 3716 479 3782 deterunt
502 3713 748 3796 ξυνεργούντων,
772 3711 857 3798 quod
875 3711 1058 3780 emendavit
1081 3714 1235 3785 llersrnus
1283 3720 1352 3803 Quo

167 3827 271 3911 magis
295 3821 414 3887 inclino
446 3821 479 3885 in
510 3840 580 3886 enm
612 3819 828 3896 sententiam,
853 3820 884 3885 iu
906 3819 1050 3887 oratione
1080 3821 1279 3893 nobilissima
1305 3827 1350 3895 De

165 3932 257 3999 eunde
281 3925 497 3993 Eratosthenis
520 3925 544 4015 ἕ
565 3931 608 3993 20
630 3924 797 4006 κατηγόρει
824 3933 939 4008 πρῶτον
962 3927 1020 4006 μὲν
1043 3930 1084 4002 oie
1106 3930 1192 4008 μετὰ
1215 3933 1270 4008 την
1300 3936 1349 4001 ἐκ.

164 4037 264 4122 φορὰν
284 4037 364 4116 αὐτῇ
388 4031 502 4112 προσίοι
525 4034 611 4110 κτὲ.,
632 4029 791 4097 titubasse
812 4029 852 4097 de
876 4050 965 4099 more
986 4030 1133 4101 librarios
1156 4043 1189 4101 et
1211 4043 1348 4120 κατηγό-

165 4168 231 4226 ρευε
256 4140 434 4226 genuinum
458 4156 548 4215 esse,
581 4147 617 4203 ut
642 4135 665 4224 S
691 4139 733 4202 δύ
764 4137 954 4216 ὁμολόγει
982 4143 1088 4205 ταῦτα
1119 4143 1265 4217 πσιιίσειν.
1314 4148 1348 4214 Si

165 4249 238 4334 quis
261 4247 348 4311 huus
371 4242 477 4308 looum
501 4242 612 4309 Lusum
630 4240 726 4307 hebet
745 4241 785 4307 oh
807 4243 934 4319 ocutos,
958 4243 1071 4311 sident-
1087 4264 1128 4311 un
1153 4247 1234 4316 mihi
1257 4270 1348 4338 expo-

166 4353 235 4419 tliru
259 4350 360 4437 possit
393 4346 470 4433 quid
502 4349 545 4413 sit
568 4348 620 4414 eni
644 4347 704 4421 τὰς
727 4347 859 4421 εἰσόδους
883 4344 927 4422 οἷς
949 4349 1069 4431 τρόποις
1105 4353 1229 4433 προσίοι.
1286 4357 1348 4440 Qui

165 4478 231 4525 nors
253 4455 427 4542 poterit-ot
447 4454 599 4535 προσιέναι
622 4452 733 4519 είσοδον
756 4472 854 4539 quum
875 4454 918 4519 sit
937 4452 1113 4521 absurdum
1132 4458 1270 4536 sentiet,
1297 4484 1348 4529 ue·

163 4562 364 4646 tim-uogitot
385 4558 462 4644 quid
486 4559 576 4625 atiotl
593 4578 690 4646 quum
713 4568 827 4625 ποιοῖτο
846 4578 903 4645 pro
924 4560 1044 4640 προσίοιΙ
1060 4559 1122 4647 legi
1141 4566 1251 4650 possit.
1286 4568 1349 4637 Seu

167 4667 208 4732 nu
227 4668 360 4733 ursinu-
375 4664 545 4750 eliquanto
579 4672 743 4744 retertur,
765 4684 862 4733 nunu¹
883 4662 923 4730 sd
948 4683 1042 4741 usum
1073 4667 1161 4735 serbi
1188 4672 1348 4752 ἀγορεύειν

167 4782 213 4845 est
236 4769 475 4840 revertendum.
1005 4784 1009 4795 ·
