3309 5750
858 630 898 690 18

285 782 488 888 Quamquam
511 806 637 866 certum
662 806 710 866 est
731 799 831 866 Dares
847 809 1033 869 constanter
1056 821 1166 869 omnes
1188 823 1245 890 pra
1263 808 1351 883 ἡμεῖς
1376 803 1477 885 aare,

286 928 345 995 pro
369 910 454 987 ἡμᾶς
479 904 598 972 dixisse
620 906 705 987 ont,
731 927 927 993 quamquam
956 915 1082 978 constat
1102 908 1251 975 librarios
1277 907 1342 975 illis
1364 906 1481 976 formis

286 1011 483 1080 substituere
502 1010 603 1077 solere
626 1011 745 1078 Atticas
764 1020 821 1077 aut
844 1012 1027 1078 Homericae
1048 1013 1157 1094 ἄμμες
1178 1023 1210 1080 et
1232 1014 1343 1094 dana,
1366 1022 1481 1080 tamen

284 1117 378 1184 rideo
397 1118 565 1205 plerasque
578 1138 689 1185 omnes
712 1117 851 1184 editores
868 1116 963 1184 malle
983 1140 1057 1185 cunr
1079 1121 1244 1186 codicibus
1255 1138 1365 1188 errare
1378 1137 1479 1204 quam

285 1243 360 1289 curn
387 1223 511 1289 criticis
546 1243 622 1291 tera
653 1225 784 1290 sentire.
842 1222 963 1289 Eadem
993 1226 1077 1289 ratio
1100 1233 1150 1291 est
1173 1227 1207 1291 in
1232 1225 1308 1306 ὑμές
1344 1231 1377 1291 at
1406 1224 1480 1304 ὑμέ.

284 1327 469 1395 Indubitate
497 1329 575 1396 baec
600 1339 699 1408 sunt,
726 1337 857 1406 tannen,
881 1338 918 1396 ut
942 1330 1091 1416 queritur
1113 1329 1311 1397 Hrsnonrnus
1332 1331 1366 1395 in
1384 1351 1479 1415 prae·

288 1437 348 1523 sat.
377 1436 418 1501 ad
437 1434 629 1501 Paalterinm
654 1435 784 1500 »uidetis
808 1435 883 1522 plus
904 1437 1067 1523 antiquum
1090 1457 1228 1501 errorem
1247 1457 1342 1523 quam
1365 1457 1480 1503 navam

288 1541 531 1606 emendationem
548 1540 662 1607 natare.
711 1539 920 1607 Perlubeuter
938 1544 1134 1608 Pounnaouus
1157 1542 1328 1627 Spartanos
1348 1540 1480 1608 inducit

288 1644 538 1727 λακανίζοντας,
569 1646 625 1711 sed
653 1667 709 1732 ner
741 1645 890 1712 librarios
919 1668 982 1714 non
1011 1648 1115 1713 licuit.
1163 1648 1333 1713 Pursronnx
1359 1646 1482 1713 oratori

289 1750 412 1829 Attica,
448 1752 503 1837 qui
537 1751 796 1819 Lacedaemonios
829 1753 963 1831 αμαίείς
1001 1752 1232 1839 appellitarat‚.
1250 1754 1358 1834 ὀρθῶς,
1394 1751 1481 1835 ἔφη,

252 1862 255 1868 ’
287 1855 415 1935 λέγεις,
437 1857 521 1936 μόνοι
541 1858 604 1941 γὰρ
617 1862 773 1936 Ἑλλήνων
792 1857 924 1938 ἄμμες
944 1859 1027 1926 οὐδὲν
1049 1859 1143 1925 κακὸν
1162 1860 1394 1937 μεμαθήκαμεν
1406 1860 1480 1941 παρ’

289 1963 373 2041 ὑμῶν
404 1982 454 2049 ap,
490 1965 580 2029 Pnur.
614 1968 645 2028 in
680 1963 817 2051 Lycurq.
842 1966 910 2031 XX.
942 1985 1043 2031 unum
1074 1963 1265 2030 vocabulum
1289 1963 1392 2028 evasit
1424 1961 1480 2029 sed

290 2088 354 2134 nan
375 2069 445 2134 sine
463 2068 564 2135 malo:
578 2067 714 2134 ridicule
739 2091 824 2136 nunc
846 2070 1052 2137 Homericum
1077 2068 1184 2149 cinnae
1206 2067 1362 2133 inseritur
1373 2067 1480 2133 verbis

291 2171 427 2240 Atticis:
450 2175 535 2255 μόνοι
559 2175 631 2257 γὰρ
652 2175 834 2254 Ἑλλοίνων,
858 2175 1004 2253 dixerat,
1032 2175 1126 2254 οἱμὲς
1152 2175 1234 2241 οὐδὲν
1261 2174 1355 2239 κακὸν
1376 2197 1480 2254 μεμα-

290 2281 428 2361 ίήκαμσς
453 2282 517 2364 παρ
541 2282 651 2361 ὑμέων.
706 2281 880 2347 Notissima
915 2280 1140 2365 Spartanorum
1167 2278 1329 2347 cantilena
1349 2279 1426 2347 ibid.
1450 2298 1479 2344 e.

290 2385 364 2453 XXI
380 2387 567 2454 etiamnunc
590 2389 637 2454 sio
660 2387 788 2453 editur:

489 2495 621 2575 ”Αμμες
645 2496 715 2560 τοκ’
740 2491 816 2572 ἦμες
841 2489 969 2571 ἄλκιμοι
992 2490 1120 2557 νεανίαι.

492 2599 601 2681 ἄμμες
625 2601 657 2666 δέ
680 2604 714 2679 γ’
738 2596 835 2678 εἰμέν.
859 2598 891 2663 ai
916 2598 948 2663 δὲ
971 2608 1029 2681 λῇς
1053 2604 1162 2678 στεῖραν
1185 2594 1282 2675 λαβέ.

495 2706 603 2787 ἄμμες
628 2706 659 2772 δέ
681 2708 715 2785 y'
739 2704 915 2784 ἐσσόμεσθα
938 2705 1045 2785 πολλῷ
1069 2701 1219 2785 κοίροονες.

290 2811 382 2897 quasi
404 2830 559 2898 umquam
588 2810 634 2877 sic
661 2811 829 2897 quisquam
855 2808 1085 2873 Lacedaemone
1104 2813 1189 2873 esset
1207 2805 1345 2872 locutus.
1377 2805 1479 2889 Quam

289 2936 385 3003 saepe
405 2917 490 3003 apud
514 2918 715 2982 Pnuranonun
735 2914 873 2980 Lacones
895 2917 929 2990 ab
954 2918 996 2980 τὼ
1021 2915 1073 2979 σιώ
1094 2921 1169 2989 aut,
1192 2911 1276 2998 quod
1299 2911 1402 2978 multo
1424 2932 1479 2998 pe-

294 3020 346 3086 ius
363 3027 432 3098 est,
456 3023 490 3097 ab
510 3025 552 3087 τὼ
576 3021 630 3086 ded
654 3020 773 3087 babent
797 3022 926 3098 inore,
960 3039 1061 3105 quum
1081 3025 1207 3085 certum
1229 3019 1271 3083 sit
1301 3025 1332 3083 et
1359 3016 1479 3083 dixisse

294 3124 365 3191 illos
389 3135 420 3192 et
445 3127 648 3193 Pnurnnanun
674 3126 862 3212 scripsisse:
884 3123 932 3190 rai
963 3130 1005 3194 ab
1037 3127 1101 3190 σιώ.
1158 3124 1264 3191 Unum
1289 3122 1396 3189 lanum
1430 3121 1483 3188 nd·

294 3231 370 3298 dam
394 3253 432 3299 ex
454 3233 521 3299 vila
544 3234 720 3300 Annxrnnnr
752 3253 820 3318 cap.
842 3232 907 3298 xb.
954 3230 1068 3297 nolam
1092 3230 1286 3312 τμεσβεοτίςς
1309 3228 1483 3311 παρανενο-

294 3364 384 3420 μενος
412 3341 498 3423 αὐτῷ
529 3339 641 3406 λέοντα
669 3337 911 3420 καταβάλλοντι
935 3337 1040 3417 μέγαν
1069 3332 1158 3402 εἷσε·
1183 3341 1286 3408 καλῶς
1308 3359 1367 3413 γε,
1393 3333 1483 3401 'Att-

293 3445 400 3531 ξανδρε
413 3498 422 3527 ,
454 3447 526 3531 τρίς
549 3447 601 3513 τὸν
625 3445 737 3512 λέοντα
769 3445 917 3524 ἠγώνισαι
947 3445 1014 3526 περὶ
1045 3444 1104 3517 τας
1128 3442 1317 3522 βασιλείας,
1342 3460 1408 3506 una
1430 3460 1483 3504 vo·

296 3555 391 3634 cula,
421 3555 453 3619 in
486 3573 550 3640 qua
581 3560 733 3619 accentus
758 3558 885 3617 tanturn
908 3548 1101 3635 depravatus
1133 3555 1203 3625 est,
1227 3546 1384 3612 indicium
1408 3545 1485 3611 lacit

294 3659 429 3726 Laconis
463 3659 656 3744 sublingua
683 3656 866 3743 loquentiS‚
893 3673 968 3719 nam
990 3654 1057 3736 περὶ
1083 3658 1143 3728 τοῖς
1168 3652 1338 3732 βασιλείας
1369 3671 1482 3718 verum

294 3783 365 3830 esse
382 3763 488 3850 palarn
513 3771 572 3830 est.
608 3763 721 3848 ltaque
744 3759 958 3845 reliquaolim
979 3759 1026 3824 sic
1050 3759 1171 3845 scripta
1195 3756 1347 3824 luerunt:
1371 3757 1483 3824 τοττὸν

294 3870 407 3936 λέοντα
430 3865 581 3947 οὶνοίνιξαι
606 3867 673 3949 naal
697 3871 758 3942 τοῖς
780 3864 960 3945 βασιλείας.

342 3975 476 4042 Dativns
494 3974 693 4039 Baniensium
712 3973 789 4051 ninia
811 3991 872 4037 nan
898 3970 1029 4036 meliore
1046 3970 1176 4036 lortuna
1200 3969 1248 4034 uti
1261 3968 1363 4043 solet,
1389 3975 1427 4034 ut
1450 3968 1484 4032 in

295 4081 388 4147 Pnur.
417 4081 536 4167 Aaeail.
570 4099 639 4166 cap.
660 4079 699 4144 ll.
732 4081 764 4144 ad
788 4077 851 4160 γαρ
881 4078 1028 4156 βασιλεῖς
1057 4075 1160 4156 οίμμιν
1183 4074 1273 4140 οίλλοὶ
1304 4074 1486 4152 βασιλείδια

295 4187 460 4268 aserdan,
484 4183 540 4251 ubi
564 4187 641 4265 ἁμῖν
661 4192 692 4251 et
716 4192 865 4264 γεννασεῑ
886 4181 1105 4270 reponendum
1130 4181 1305 4267 eademque
1325 4178 1486 4246 medicina

294 4294 415 4382 passim
437 4295 469 4357 in
492 4292 603 4358 eodem
629 4290 737 4356 rnorbo
760 4288 927 4356 utendum.

342 4399 390 4465 Ad
421 4398 579 4466 Srounnun
602 4404 634 4465 el
654 4394 863 4482 Appendt'aem
886 4393 1103 4459 Florentinum
1135 4391 1240 4459 redeo.
1299 4392 1338 4457 ln
1369 4388 1487 4456 Ancur-

295 4524 352 4572 τιν
376 4504 444 4570 loco
470 4503 530 4568 sub
553 4502 682 4567 initium
714 4500 867 4567 mendum
889 4500 968 4566 latet
991 4500 1024 4563 in
1048 4497 1118 4563 bis:
1155 4498 1278 4570 καττοίν
1302 4495 1410 4579 ἔφεσιν
1427 4499 1488 4569 τοῖς

289 4612 410 4694 σοφίας
436 4611 487 4676 δια
513 4608 635 4676 ταύταν
660 4627 690 4694 p.
717 4613 803 4684 741,
829 4611 859 4671 5.
892 4606 943 4671 διὰ
975 4603 1098 4671 ταύταν
1119 4603 1256 4689 intelligi
1281 4623 1343 4668 non
1368 4608 1484 4688 potest.

290 4715 460 4805 Sapientia
489 4715 526 4781 ab
556 4736 588 4781 ae
617 4716 684 4802 ν’μσσ
708 4713 828 4779 dicitur
850 4710 1047 4799 expetenda:
1082 4709 1216 4776 emenda
1241 4709 1343 4794 igitur
1366 4707 1404 4772 δι’
1435 4709 1488 4772 αὐ·
