3309 5750
1281 717 1346 774 xlx

173 897 359 980 scribendo
389 904 530 972 secutus
556 919 635 971 sum
660 900 821 970 usturam
845 913 977 981 mecm,
1002 902 1042 967 nt
1064 894 1159 992 quod
1182 898 1345 972 sentirem

134 1088 140 1094 -
173 1037 294 1131 aperte
315 1036 353 1104 et
371 1027 478 1104 libere
497 1026 659 1101 dicerem.
709 1023 793 1097 Non
815 1022 934 1098 minus
957 1021 1123 1098 abhorreo
1143 1048 1164 1097 o
1184 1023 1286 1100 foede
1308 1032 1345 1100 et

168 1160 305 1236 obiectu
330 1155 529 1232 adulatione
560 1178 666 1251 quom
699 1177 723 1226 s
755 1149 928 1248 petulanti
958 1156 995 1224 et
1015 1158 1173 1247 proterve
1195 1150 1341 1226 meledi-

171 1287 297 1366 eeuliu
346 1285 429 1358 Nou
462 1282 579 1356 nescio
611 1280 699 1378 quid
731 1279 812 1352 siris
848 1278 985 1376 mugnis
1022 1277 1161 1351 honoris
1186 1286 1223 1351 ct
1250 1303 1344 1353 reve·

172 1414 304 1494 renrioe
337 1412 525 1496 debentur,
549 1410 654 1483 etism
679 1408 710 1481 si
732 1433 802 1505 qun
824 1408 863 1480 in
883 1431 921 1481 re
942 1406 1129 1505 impegisse
1154 1406 1344 1481 videantur.

174 1544 318 1620 Nullius
339 1539 436 1616 leudi
452 1547 490 1611 el
509 1538 623 1612 lumue
643 1535 783 1610 invidus
803 1534 979 1621 obnecto,
999 1536 1123 1633 εὐρεῖα
1141 1537 1217 1634 γάρ
1236 1538 1345 1611 Mov-

175 1680 256 1750 σῶν
280 1670 483 1757 κέλωθος,
511 1673 548 1739 et
571 1671 728 1762 superest
752 1662 789 1736 in
812 1687 884 1760 quo
903 1671 1021 1738 nostre
1045 1662 1202 1736 omnium
1225 1662 1345 1736 indus·

175 1802 241 1878 nin
260 1806 299 1886 et
318 1795 499 1896 ingenium
522 1800 722 1891 sppnresut
759 1793 826 1866 Est
851 1814 943 1866 uuus
966 1798 1004 1863 et
1025 1790 1113 1865 ulter
1134 1815 1241 1888 quem
1264 1816 1345 1865 con·
1440 1793 1444 1802 '

174 1914 351 2023 lemnum,
385 1924 514 1998 lolem:
547 1922 589 1996 εἰ
613 1925 715 1998 τοῦτ’
751 1917 808 2010 ἶς’
831 1917 1008 2013 ἀδίκημ’,
1030 1917 1176 2008 ἀδικῶ,
1200 1920 1263 1993 sed
1282 1920 1346 1994 hos

173 2058 490 2160 ipses-numquam
519 2049 686 2124 hessam
720 2054 783 2122 sut
809 2046 992 2121 sellimbo:
1018 2055 1059 2120 ut
1085 2048 1275 2145 plurimum
1300 2073 1345 2122 ne

173 2179 348 2260 nominari
363 2177 530 2277 quidem,
547 2175 644 2252 idem
667 2172 813 2273 posthoc
832 2173 940 2248 etium
958 2173 1161 2272 diligentius
1179 2176 1344 2252 laeuum

177 2308 344 2386 Pervelim
374 2331 497 2382 omnes
532 2329 647 2380 mecm
679 2301 819 2376 ffloeudi
853 2301 1049 2376 hiemem
1078 2303 1202 2378 eodem
1228 2306 1347 2382 auimo

182 2434 308 2524 lerunt,
329 2447 398 2533 q'uo
417 2434 496 2532 ipse
515 2432 663 2506 alienum
685 2454 822 2527 semper
847 2428 912 2504 tuli
934 2454 975 2504 uc
993 2430 1112 2506 leram
1143 2432 1260 2506 Etiam
1283 2435 1345 2532 qui

177 2563 261 2640 nui
288 2561 455 2638 necunde
484 2566 523 2632 et
548 2558 667 2632 odiose
693 2566 900 2656 responsent
929 2581 1000 2631 non
1028 2559 1116 2632 irem
1148 2561 1234 2634 mihi
1268 2587 1344 2637 nm·

177 2716 303 2790 quom,
326 2715 400 2764 non
422 2687 545 2762 odium
574 2695 778 2773 moverunt,
801 2686 865 2762 sed
898 2686 1008 2759 risum
1034 2685 1104 2760 lere
1129 2703 1190 2762 sut
1218 2689 1343 2767 iseum.

176 2820 267 2896 Fieri
283 2842 358 2893 non
373 2820 491 2913 potest
509 2812 595 2911 quin
616 2836 752 2911 semper
770 2814 807 2887 in
831 2814 1009 2891 nonnullis
1028 2814 1293 2907 dissentiamus,
1308 2831 1346 2895 α

177 2949 245 3022 alin
268 2944 346 3018 nliis
368 2942 526 3042 placeant
548 2967 588 3017 sc
609 2941 818 3042 pmbentur:
1414 2922 1419 2931 ’

627 3069 896 3170 ἴοιδοᾳῖσθαι
920 3073 956 3150 δ’
979 3077 1026 3150 ori
1049 3081 1176 3172 πρέπει

345 3197 494 3300 ἄνδρας
517 3201 746 3301 φύολόγους
765 3205 889 3301 ὅπερ
911 3202 1197 3302 demeremus,

126 3338 129 3342 ‘
179 3336 212 3402 et
236 3352 340 3416 eum,
363 3329 489 3416 credo,
512 3328 656 3417 minime
680 3329 872 3426 poenitebit
895 3330 957 3428 qui
986 3330 1115 3406 bellum
1140 3334 1284 3432 gesserit
1305 3346 1347 3410 ut

180 3455 363 3556 aliquando
402 3480 523 3555 paoem
566 3457 821 3553 compositurus
859 3466 895 3531 et
929 3468 969 3531 ut
1008 3469 1188 3535 austures
1221 3464 1345 3539 oderit.

179 3583 348 3684 liquidem
373 3585 609 3659 silsrsnxro
633 3592 670 3658 et
693 3584 874 3659 Bmsso
899 3586 948 3661 its
969 3613 1071 3685 saepe
1095 3589 1279 3677 dissentio,
1308 3604 1347 3665 ut

179 3736 309 3812 semper
326 3712 543 3787 meminerim
564 3737 671 3811 quum
694 3710 784 3786 bene
805 3722 950 3813 uterque
972 3715 1017 3788 dc
1039 3716 1181 3789 Graecis
1204 3717 1347 3793 litteris

182 3840 223 3914 sit
256 3841 423 3928 meritus,
457 3848 495 3915 et
525 3867 588 3915 eur
621 3842 840 3916 dissentirem
864 3845 907 3917 iis
928 3845 1143 3942 argumentis
1165 3847 1349 3946 verbisque

183 3966 369 4066 significari
391 3968 551 4068 voluique
576 3995 713 4069 semper
741 3971 957 4070 signifieme,
989 3982 1029 4045 ut
1055 3972 1142 4045 nihil
1162 3974 1206 4047 de
1226 4000 1347 4051 cerrum

183 4093 282 4170 lnude
317 4097 510 4170 detructum
546 4098 723 4172 voluerim.
773 4100 908 4173 Eodem
937 4100 1053 4174 animo
1083 4101 1114 4173 si
1146 4102 1232 4199 quid
1262 4104 1348 4177 mihi

182 4223 297 4298 minus
313 4225 531 4325 probandum
545 4227 659 4301 risum
675 4236 730 4301 cst
747 4236 784 4302 et
800 4227 986 4315 ridebitur,
1001 4228 1147 4302 candide
1161 4242 1350 4328 apertoque

181 4353 381 4450 reprehendi
397 4364 433 4429 et
451 4357 710 4454 reprehendam.
736 4357 874 4430 Nollem
893 4358 1109 4431 llsrxrrrcs
1128 4370 1200 4431 tam
1217 4359 1348 4431 tumul·

181 4481 290 4555 tuens
320 4507 423 4581 opere
452 4485 633 4583 scriptores
670 4488 820 4559 Graecos
858 4483 975 4558 ederet
1009 4494 1045 4558 et
1077 4486 1205 4559 multos
1233 4486 1350 4585 [etius

181 4610 367 4684 mediocres
400 4620 436 4686 et
461 4612 587 4687 dubins
609 4614 834 4688 correctiones
857 4612 1069 4699 effunderet,
1094 4638 1199 4711 quam
1220 4638 1350 4711 [truens

181 4734 288 4812 bones
309 4747 346 4813 et
367 4740 550 4838 palmerius
572 4742 749 4816 delibaret.
800 4740 945 4815 Mallem
967 4743 1169 4814 Brurrnrs
1195 4748 1348 4813 vetorum

181 4863 345 4942 librorum
387 4869 495 4944 bonas
530 4870 716 4969 scriptume
750 4870 934 4968 diligenter
972 4867 1130 4964 colligere
1164 4878 1199 4939 ct
1230 4865 1351 4940 ordine
