3309 5750
728 653 792 719 395

167 845 236 917 sine
262 844 331 916 ulla
361 849 548 940 exceptione
575 848 712 941 primum
740 869 866 940 semper
892 848 1073 943 correptam
1100 845 1236 936 habere,
1259 855 1346 949 apud

167 953 320 1049 Tragicos
335 956 402 1022 fere
416 976 550 1048 semper,
560 973 634 1021 nem
649 954 742 1023 Iones
753 955 844 1047 sequi
855 960 889 1021 ai
897 959 1000 1039 lubet,
1011 962 1109 1026 licet:
1125 973 1157 1027 et
1171 960 1345 1030 Arsanrno

169 1064 219 1130 ius
247 1074 295 1127 cst
315 1066 415 1146 φάρος
439 1056 505 1128 ἰσον
527 1064 641 1144 reposti
664 1060 771 1129 dicere
789 1060 903 1129 eodem
923 1064 1040 1146 modo,
1063 1087 1129 1157 quo
1149 1067 1184 1133 in
1203 1066 1306 1149 τουτρθ
1332 1118 1343 1144 ,

166 1166 270 1241 irrite,
286 1168 404 1253 τέκνον,
420 1162 545 1259 quoties
564 1167 690 1233 ridetur
707 1169 848 1259 priorem
866 1183 977 1237 centra
997 1195 1089 1239 usum
1108 1174 1205 1265 patrii
1224 1192 1346 1240 sermo·

170 1273 220 1338 nis
241 1274 368 1363 longam
388 1274 484 1352 fucit,
509 1285 544 1339 ut
568 1272 729 1341 Honrnns
749 1288 781 1342 ct
800 1274 904 1342 lenes.
950 1271 990 1342 In
1010 1277 1137 1357 ἰσθθεος,
1161 1278 1345 1358 ἰσοδαίμων,

166 1377 306 1457 ἰσθνοριος
338 1391 370 1445 et
398 1380 554 1450 similibus
579 1380 698 1447 utravis
716 1380 866 1472 prosodia
891 1383 1081 1463 utebantur,
1104 1382 1204 1474 idque
1222 1404 1262 1449 eo
1280 1383 1347 1449 ius·

170 1484 233 1549 tius
264 1484 340 1573 quia
368 1486 416 1550 nil
441 1487 503 1551 nisi
526 1486 699 1577 antiquum
723 1489 845 1578 patriae
863 1506 1043 1555 sermonem
1062 1489 1270 1579 repetebant,
1289 1487 1349 1577 qni

172 1590 248 1656 clim
267 1591 349 1657 nibil
369 1593 409 1659 ab
430 1592 542 1659 lonico
560 1585 770 1684 discrepabat.
818 1593 959 1662 Sorosrs
974 1606 1077 1661 aetate
1095 1592 1159 1668 ἰσος
1180 1593 1348 1678 dicebant,

167 1706 203 1759 ut
223 1694 331 1777 Iones,
361 1699 431 1765 vide
453 1697 593 1765 Soteris
614 1699 725 1790 fragm.
741 1702 780 1765 15
802 1694 869 1764 ἷσθν
890 1724 936 1765 τοι
962 1704 1149 1765 πλουτοῦσιν
1173 1700 1240 1764 uri.
1262 1709 1294 1763 et
1315 1697 1348 1762 in

169 1802 336 1897 notissima
356 1805 516 1871 cantilena
540 1804 647 1873 Attica
671 1804 757 1896 apud
782 1804 911 1874 Arnum
933 1804 1003 1873 XV.
1026 1828 1057 1896 p.
1082 1808 1160 1871 695.
1185 1823 1216 1871 n.

458 1908 510 1976 θτε
533 1913 586 1977 τὸν
610 1910 755 1992 τθροιννον
779 1911 934 1988 κτκνέτην

459 2013 618 2094 ἰσονόμους
642 2017 671 2078 τ’
696 2016 829 2091 Ἀθάνας
854 2013 1063 2091 ἐποιησάτην,

167 2116 342 2196 ἰσονόμους,
367 2130 403 2183 ut
424 2119 513 2186 rides
525 2169 534 2200 ,
558 2118 762 2186 choriambus
783 2131 839 2186 est.
875 2117 989 2185 Obiter
1007 2141 1066 2211 pro
1087 2118 1239 2197 κτοονέτην
1259 2116 1347 2207 (cod.

168 2220 357 2308 κοιτυνέτην)
390 2217 526 2290 emenda
556 2224 704 2301 κοινέτην,
737 2237 774 2291 ut
799 2236 888 2291 recte
906 2223 1026 2315 legitur
1046 2247 1091 2291 rs.
1116 2227 1157 2289 10
1175 2224 1347 2298 ἐκαινέτην.

171 2324 246 2391 Post
267 2325 347 2393 heeo
368 2339 511 2420 tempora
532 2328 596 2402 ἰσος
617 2329 722 2395 solum
742 2331 777 2395 in
794 2351 856 2396 usn
876 2342 940 2409 est,
966 2341 1002 2394 ut
1024 2329 1057 2394 in
1077 2326 1256 2409 Ἰσοκράτης
1277 2352 1305 2394 ν.
1323 2347 1351 2393 e.

154 2429 273 2520 primu
297 2431 338 2497 sit
361 2432 475 2502 brevis.
514 2433 636 2502 Notum
660 2449 707 2501 est
731 2431 933 2502 Srnnrrrnts
956 2434 1190 2524 fragmentum:

158 2543 161 2548 “
301 2537 354 2603 steri
378 2541 434 2615 την
456 2539 632 2619 Λιιηίσκοιν
655 2542 710 2615 την
735 2539 929 2622 Ἰσοκράτους
952 2542 1137 2616 παλλακήν.
1164 2551 1186 2589 1’

167 2650 200 2706 et
221 2653 369 2709 constans
390 2645 535 2711 omniurn
555 2643 608 2709 hic
631 2666 704 2710 usus
725 2657 787 2724 cst,
806 2657 842 2711 ut
863 2646 895 2710 in
915 2643 1080 2710 comoedia
1098 2656 1225 2735 praeter
1242 2643 1350 2710 iocum

171 2752 225 2813 utri
252 2747 416 2840 parodia'm
440 2749 503 2823 ἰσος
524 2750 628 2816 solum
651 2760 812 2841 appareat.
858 2749 1006 2839 Tragici,
1027 2761 1064 2814 ut
1084 2748 1237 2827 diximus,
1261 2760 1350 2814 utru-

165 2854 246 2920 libet
272 2845 422 2945 prosodia
454 2843 601 2924 utuntur.
644 2854 770 2929 Ἰσθθοος
792 2877 882 2921 more
904 2852 1012 2921 Attico
1033 2855 1142 2946 posuit
1163 2854 1350 2922 Rubrenses

168 2959 203 3024 in
233 2959 421 3026 Troadibus
443 2983 486 3027 vs.
514 2963 610 3027 1169.
857 2967 884 2984 ·’

325 3065 330 3075 ’
413 3063 527 3145 γάμων
549 3090 587 3132 τε
611 3065 665 3131 cori
689 3071 745 3141 τῆς
770 3067 885 3134 ἰσοθέου
906 3066 1092 3150 τυράυνιῖος.

163 3182 198 3238 et
221 3170 255 3235 in
278 3170 393 3260 Iphig.
417 3174 454 3234 in
477 3173 556 3237 Aul.
581 3188 625 3239 rs.
648 3173 726 3239 626.
749 3241 758 3252 ‚

408 3276 506 3356 λήψει
528 3277 563 3342 τά
587 3285 644 3352 τῆς
667 3277 805 3360 Νηρῇδος
829 3275 941 3342 ἰσθθεον
965 3277 1064 3357 γένος.

163 3379 273 3447 Ionice
297 3377 488 3446 Sornocrns
511 3381 545 3447 in
567 3383 737 3472 Antigone
759 3402 804 3449 rs.
829 3385 907 3450 836.

476 3485 577 3552 κιοίτοι
601 3486 740 3570 φθιμένῳ
764 3495 829 3559 τοῖς
854 3486 977 3559 ἰσοθέοις

476 3587 618 3671 ἔγκληρον
643 3598 762 3671 λαχεῖν
784 3589 861 3669 μέγ’
884 3592 1030 3656 άκοῦσοιι.

162 3691 220 3758 nbi
244 3691 349 3757 obiter
373 3692 496 3784 corrige
518 3694 685 3776 υθηιιληροι
707 3717 767 3786 pro
786 3694 949 3781 ἔγκιιηριυ,
977 3713 1052 3762 narn
1081 3692 1161 3760 illud
1188 3714 1253 3759 non
1278 3692 1340 3758 hoc

162 3797 321 3888 significet
340 3797 440 3878 κοινά,
459 3795 570 3880 ducto,
595 3805 651 3866 τοῦ
674 3803 770 3866 edroi
795 3802 907 3882 ιἰλνίρου
929 3802 982 3867 κοιί
1004 3803 1128 3884 τύχης,
1153 3813 1189 3867 ut
1210 3794 1339 3868 Veteres

159 3904 424 3992 interpretantur.
464 3903 659 3983 dnncnrnns
679 3915 763 3969 amnt
783 3898 908 3985 ionica,
928 3917 960 3971 et
980 3905 1122 3987 ἰσθνειρον
1144 3906 1178 3971 in
1198 3909 1339 3974 Prome·

162 4011 236 4074 roeo
256 4028 302 4074 rs.
324 4006 580 4090 549,·ἰσθμοιρον
601 4009 635 4074 in
657 4006 798 4100 Oboeph.
822 4032 866 4076 vs.
889 4008 955 4076 320
975 4009 1082 4102 posuit
1101 4012 1204 4100 prima
1222 4012 1338 4102 longa,

158 4110 216 4184 sed
234 4115 269 4181 in
287 4113 440 4196 ἰσόψυχον
456 4113 489 4178 in
506 4115 699 4205 Agamem.
719 4138 762 4183 rs.
781 4119 868 4182 1740
879 4101 1015 4184 eandem
1026 4118 1189 4208 corripuit.
1215 4117 1339 4184 Eodem

161 4221 259 4291 medo
289 4213 517 4311 Inmbographi
542 4232 576 4286 et
589 4215 703 4308 'Lyrici
721 4232 921 4314 componunt
942 4222 1004 4287 sibi
1022 4216 1174 4290 cenorum
1194 4236 1227 4289 et
1247 4246 1337 4314 mag·

194 4439 216 4509 1)
231 4443 266 4492 In
283 4442 394 4492 carmine
414 4438 515 4492 heroico
532 4445 576 4490 eut
593 4439 704 4503 elegiaco
720 4440 759 4490 ius
776 4448 831 4492 crat
847 4441 954 4492 eandem
971 4442 1116 4506 producere.
1151 4446 1184 4496 In
1201 4445 1337 4495 Isocnms

158 4534 241 4581 statua
256 4542 274 4580 a
291 4527 435 4600 mesano
452 4527 533 4591 posite
549 4525 716 4591 subscriptum
733 4534 800 4576 eret:

381 4610 519 4671 Τιμόθεος
536 4610 626 4672 urbice
644 4629 676 4661 τε
694 4611 774 4678 χάριν
791 4609 899 4663 σύνεσιν
916 4630 947 4662 τε
966 4612 1104 4678 προτιμῶν

411 4695 583 4766 Ἰσοκράτους
602 4692 666 4746 εἰκὼ
684 4694 766 4762 τήνδ’
783 4694 905 4764 ἀνέθηκε
924 4699 1010 4754 θοοῖς.

555 4781 718 4849 Λέωχάρὸθς
737 4780 823 4850 έργον.

1097 4875 1127 4914 υτ
1138 4866 1153 4896 ⁴
