3309 5750
805 644 872 705 ets

248 842 413 921 διάγνωσις
434 849 467 904 et
488 836 630 927 denique
647 838 682 902 τὸ
706 833 740 901 εὖ
768 841 907 919 φρονεῖν,
934 859 995 928 qua
1014 860 1049 904 re
1068 838 1153 906 nihil
1172 854 1223 911 est
1243 842 1279 909 in
1300 844 1423 913 bomine

248 946 396 1014 divinius.
445 944 488 1011 Ut
518 943 655 1033 quisque
685 954 792 1008 autern
822 954 926 1008 aetate
956 942 1052 1009 distat
1081 945 1281 1036 plurimnm‘
1299 950 1342 1015 ab
1369 952 1424 1018 illis

248 1052 470 1146 scriptoribus,
495 1075 575 1142 qnos
598 1050 778 1141 Antiquitas
798 1051 1084 1139 praestantissimos
1103 1053 1197 1133 tulit,
1227 1055 1277 1121 ita
1298 1058 1425 1124 maxime

247 1182 284 1226 ea
304 1157 466 1248 cogitandi
492 1169 524 1223 et
544 1156 673 1223 dicendi
694 1155 811 1222 sanitas
831 1167 864 1221 et
885 1159 1036 1224 serenitas
1057 1171 1090 1224 et
1110 1161 1230 1226 veritas
1254 1162 1425 1231 obscuran-

247 1280 300 1333 tur
318 1278 350 1332 et
367 1265 537 1344 deficiunt,
554 1263 657 1329 donec
676 1261 715 1327 ad
734 1261 791 1327 illa
815 1274 956 1353 tempora
978 1265 1177 1355 perveneris,
1190 1268 1305 1356 quum
1326 1292 1425 1337 omnes

246 1370 374 1465 pariter‘
384 1370 528 1460 desipere
548 1368 717 1434 videantur
734 1379 767 1433 et
787 1367 915 1456 ingenia
937 1380 1000 1434 tam
1021 1369 1138 1436 insulsa
1159 1373 1226 1437 sint
1254 1386 1291 1439 et
1310 1376 1425 1456 futilia,

246 1500 284 1545 ac
313 1478 422 1567 lingna
448 1487 480 1540 et
506 1498 610 1540 sermo
632 1472 745 1565 putida
767 1483 841 1539 sunt
864 1486 896 1539 et
915 1474 1034 1565 inepta.
1082 1476 1175 1543 Hanc
1196 1479 1305 1569 igitur
1324 1482 1422 1549 laben

246 1584 335 1649 lenta
361 1581 550 1669 contagione
580 1591 702 1645 eertum
732 1579 865 1645 exitium
893 1581 1075 1648 afferentem
1101 1584 1134 1649 in
1161 1583 1326 1677 Lucieno
1345 1590 1423 1655 volui

247 1687 414 1755 ostendere
434 1696 573 1764 tantum3
597 1684 793 1774 quicumque
813 1684 847 1748 in
868 1706 907 1750 eo
926 1684 1013 1751 bunc
1032 1687 1181 1754 morbum
1200 1690 1314 1758 inesse
1336 1694 1423 1760 intel-

247 1793 341 1872 lexit,
361 1790 478 1856 indicia
501 1788 578 1854 mali
595 1801 674 1878 quot
696 1789 781 1856 volet
800 1788 939 1855 notabit:
963 1813 1023 1880 ego
1043 1815 1131 1859 nuno
1149 1796 1291 1885 quidem
1314 1797 1422 1866 defun·

246 1918 303 1988 gar
331 1896 392 1960 hae
411 1916 521 1984 opera,
544 1905 714 1983 postquam
740 1893 852 1982 paucis
872 1893 1148 1977 demonstravero,
1173 1922 1279 1990 qnam
1301 1904 1420 1970 incaute

246 2002 391 2067 Locren
412 1998 593 2063 testimonio
614 1996 646 2062 hi
668 2020 799 2088 qnoque
818 2011 965 2078 utantur,
993 2002 1049 2093 qui
1069 2026 1107 2070 er
1127 2004 1197 2071 eius
1222 2009 1358 2099 scriptis
1375 2032 1420 2076 oo·

245 2105 354 2197 gnosoi
372 2126 464 2195 posse
482 2102 660 2168 existimare
680 2102 843 2183 videntur,
862 2117 917 2170 ant
938 2128 1019 2197 resp.
1039 2107 1291 2179 Atheniensium
1314 2138 1419 2206 quem·

246 2208 420 2278 admodum
449 2210 621 2275 constituta
644 2209 757 2288 luerit,
787 2223 843 2276 aut
866 2213 974 2302 legum
1000 2224 1031 2278 ct
1052 2215 1128 2281 iuris
1148 2228 1205 2281 ant
1228 2218 1419 2287 iudiciorum

245 2340 329 2408 quae
355 2316 452 2381 fuerit
479 2316 560 2381 ratio
579 2328 610 2382 et
632 2338 720 2395 osus,
753 2315 893 2406 denique
918 2317 975 2407 qni
993 2341 1096 2385 mores
1114 2332 1263 2389 veterum
1289 2324 1418 2404 luerint,

245 2445 328 2513 quae
359 2422 421 2487 vita
441 2421 571 2511 publice
592 2421 814 2512 privatimque.
861 2420 951 2487 Nihil
970 2421 1084 2489 borum
1106 2425 1277 2494 satistuto
1300 2431 1418 2498 erbu-

246 2546 345 2594 crsno
362 2526 469 2615 colligi
487 2536 607 2615 potest,
623 2523 776 2591 coniectis
791 2524 824 2588 in
845 2545 944 2589 unum
964 2538 996 2591 et
1011 2527 1147 2594 mirifice
1162 2534 1313 2602 confusis
1333 2539 1417 2606 vebos

245 2633 394 2700 omnibns
415 2632 591 2708 veteribus,
614 2631 704 2696 novis
724 2643 756 2695 ct
774 2631 960 2697 novissimis.
1007 2632 1055 2700 Ne
1074 2635 1160 2701 docti
1185 2640 1325 2728 quidem
1343 2646 1417 2711 anti·

243 2738 360 2831 quarii,
383 2738 452 2803 viro
474 2736 639 2814 Luctare,
656 2735 738 2801 bano
753 2748 879 2826 partem
895 2736 1058 2806 doc-trinae
1079 2742 1128 2806 vel
1147 2743 1312 2813 mediocri
1331 2750 1417 2816 lande

243 2846 424 2913 tuebantur.
476 2842 648 2908 affluentes
674 2841 951 2931 praestantissimis
979 2844 1158 2933 praesidiis,
1183 2871 1290 2939 quum
1314 2855 1415 2923 llisto·

206 3010 209 3017 .
242 2955 324 3019 risos
343 2970 467 3025 omnes,
479 2945 641 3026 Oratores,
654 2945 815 3026 comicos,
833 2948 1063 3017 dnrsrovrnrn
1079 2964 1110 3017 et
1127 2953 1416 3039 'rasomonorum

242 3069 274 3123 et
303 3053 463 3145 quidquid
493 3052 570 3117 olim
599 3052 775 3118 doctissimi
801 3054 1004 3146 Peripatetici
1024 3071 1056 3123 et
1077 3061 1253 3152 antiquarii
1276 3071 1415 3163 scripsis-

242 3173 327 3240 sent,
345 3159 501 3226 baberent
518 3156 556 3225 ad
577 3180 723 3236 manum,
739 3157 779 3223 d'e
798 3158 1052 3250 Antiquitatibus
1072 3165 1185 3233 atticis
1201 3181 1268 3238 tam
1289 3175 1373 3244 levia
1387 3189 1415 3244 et

240 3267 346 3334 futilia
374 3279 438 3332 tam
464 3265 569 3331 ieiune
590 3277 622 3331 et
642 3264 841 3356 negligenter
861 3267 1096 3359 scriptitarunt,
1126 3285 1162 3338 ut
1183 3276 1246 3342 nisi
1266 3279 1331 3369 ipsi
1353 3283 1413 3349 dn·

124 3442 127 3449 .
240 3373 396 3465 tiquitatis
425 3371 575 3462 reliquias
607 3370 685 3461 (tam
710 3372 836 3461 exiguas
864 3385 895 3439 et
923 3374 1033 3466 inopes
1055 3400 1131 3466 prae
1155 3379 1289 3450 illorum
1312 3390 1411 3481 eopia)

218 3468 354 3548 ¹melius
373 3490 405 3546 et
426 3478 530 3544 sanius
549 3478 753 3568 interpretari
771 3490 803 3544 et
822 3491 971 3546 excutere
993 3482 1186 3564 valeremus,
1207 3489 1412 3582 Antiquitatia

241 3586 367 3654 Atticae
398 3585 538 3651 studium
570 3585 695 3650 ludicra
720 3606 768 3650 res
796 3585 889 3652 soret.
940 3585 1109 3656 Lucrinus
1131 3603 1164 3657 et
1187 3598 1308 3662 caeteri
1331 3598 1411 3665 llbe-

238 3705 322 3759 tores
349 3703 381 3758 et
410 3689 579 3782 Sophistae
608 3690 712 3755 minus
741 3690 837 3756 ctiam
868 3714 965 3781 quam
993 3694 1044 3760 isti
1072 3697 1156 3763 inter
1185 3700 1359 3790 legendum
1382 3705 1410 3772 id

238 3799 374 3888 agebant
393 3808 429 3861 ut
446 3796 616 3886 antiquum
637 3817 741 3861 rerum
762 3807 878 3861 statum
899 3809 931 3862 et
951 3801 1078 3866 nomina
1100 3815 1133 3868 et
1152 3806 1248 3871 verba
1270 3809 1415 3900 legitima·

236 3916 269 3970 et
287 3914 443 3993 concepta
465 3901 753 3966 animadverterent
772 3900 810 3965 ad
831 3902 1034 3971 imitandum.
1083 3907 1197 3998 Magna
1217 3910 1319 4000 igitur
1339 3938 1408 3982 oum

237 4008 385 4074 libertate
417 4006 585 4071 mutabant
612 4017 644 4069 et
671 4005 916 4072 confundebant
942 4031 1024 4097 quae
1044 4012 1120 4077 olim
1141 4015 1173 4078 in
1196 4015 1305 4084 Attica
1328 4035 1410 4088 certa

237 4124 269 4179 et
288 4109 423 4176 discreta
440 4111 589 4187 luissent,
609 4118 641 4174 et
660 4108 686 4172 si
702 4108 779 4198 quid
798 4134 863 4175 non
883 4115 1051 4182 commode
1071 4119 1319 4191 recordarentur
1336 4127 1410 4193 sub-

237 4217 412 4292 stituebant
443 4216 610 4305 quodlibet
639 4236 755 4281 nomen
777 4229 832 4282 aut
852 4218 893 4282 ab
913 4223 1095 4313 aequalium
1116 4247 1173 4291 usu
1194 4241 1339 4298 sumtum
1359 4244 1410 4299 ant

236 4336 356 4390 temere
379 4323 498 4388 lictum.
537 4321 578 4387 dt
597 4321 749 4412 qnoniam
771 4323 819 4388 vel
839 4325 884 4390 sio
904 4325 960 4392 illa
980 4330 1095 4421 scripta
1116 4331 1318 4403 auditoribus
1338 4341 1409 4407 satis

235 4429 423 4521 placebant,
438 4451 503 4493 non
523 4428 691 4495 videbatur
705 4452 783 4519 opus
804 4432 886 4498 bene
908 4433 1002 4514 seire,
1019 4436 1051 4501 in
1072 4438 1189 4527 quibus
1211 4453 1284 4508 tuto
1305 4467 1408 4512 errare

236 4535 368 4614 licebat,
388 4548 421 4600 et
442 4535 549 4601 nullus
571 4559 659 4602 error
678 4537 779 4626 turpis
800 4536 985 4606 habebatur.
1012 4540 1112 4623 Quam
1134 4547 1273 4613 suaviter
1292 4551 1410 4619 rideret

236 4642 423 4722 Lucienus,
447 4643 472 4707 si
493 4665 573 4733 quos
592 4665 630 4709 ex
647 4644 711 4709 suis
731 4643 855 4734 scriptis
879 4644 998 4712 Atticas
1020 4646 1236 4738 Antiquitetes
1254 4657 1410 4748 colligere

236 4760 268 4812 et
295 4748 453 4840 explicare
487 4749 596 4815 sciret!
655 4748 749 4840 Apud
784 4761 904 4816 veteres
933 4772 1024 4818 suurn
1056 4755 1173 4845 cuique
1199 4758 1247 4825 rei
1277 4762 1309 4828 in
1341 4765 1410 4831 iure
