3309 5750
719 593 852 710 'uio

238 844 329 910 nullo
355 843 484 931 negotio
513 842 701 907 criticum
729 839 885 929 dissipare
896 851 1025 929 polest,
1047 841 1286 933 ριοτιθέμενσυ
1302 840 1420 929 'legen—

239 949 385 1015 domest
402 949 570 1027 τιθέμενοι,
589 959 621 1012 et
638 945 757 1011 habeut
774 945 839 1011 boc
856 944 921 1011 duo
937 948 1056 1037 optimi
1071 947 1207 1014 Codices
1224 946 1303 1026 lm
1323 948 1419 1014 etium

240 1057 266 1123 si
284 1078 353 1120 non
372 1052 544 1132 haberent,
560 1065 646 1119 certo
669 1051 896 1117 emendatione
911 1067 1039 1143 poterut
1054 1055 1199 1133 restitui,
1217 1052 1420 1142 adscriptum

242 1172 289 1227 est
318 1160 350 1224 in
376 1161 520 1249 margine
540 1159 731 1237 ποιούμενοι,
758 1159 834 1248 quia
853 1162 1016 1241 τεκμήριον
1035 1161 1185 1239 τιθέμενοι
1200 1158 1299 1250 opud
1322 1157 1419 1225 Gree-

243 1266 333 1332 culos
354 1288 420 1331 non
441 1276 508 1329 erat
529 1265 561 1329 in
581 1286 655 1341 usu,
679 1262 732 1328 sod
750 1264 912 1343 τεκμηριον
934 1265 1122 1343 ποιοῦμενοιι
1146 1264 1279 1354 irrepsit
1297 1266 1334 1330 in
1354 1275 1418 1329 ter·

241 1385 330 1451 tum,
347 1371 465 1437 deinde
485 1371 576 1435 scioli
590 1370 745 1447 τιθέμενον
758 1368 927 1433 dederunt.
955 1368 1098 1460 Corripe:
1117 1373 1286 1451 τεκμήριον
1301 1375 1359 1436 τοῦ
1371 1370 1417 1448 μίι

238 1482 314 1560 παρ’
346 1476 435 1558 σ’ίλλιρ
459 1476 602 1558 πρότερόν
627 1500 662 1539 σε
688 1474 916 1550 δεδειπνηκέναι
936 1476 989 1540 καί
1014 1477 1049 1541 τὸ
1073 1477 1176 1541 καινὸν
1194 1472 1287 1542 ἐἷναί
1312 1473 1415 1542 σοιτὺ

241 1582 467 1664 χειρόμακτρον
502 1583 670 1660 τιθέμενοι,
704 1594 791 1647 recte
820 1581 853 1646 id
886 1581 1037 1671 quidem,
1067 1582 1220 1671 quonism
1240 1603 1339 1650 suum
1359 1566 1418 1645 ribi

239 1691 379 1779 ,quisque
399 1687 625 1768 χειρόμακτρον
645 1686 785 1753 habebat
800 1698 833 1752 et
852 1688 1006 1752 afferebat·
1023 1709 1139 1752 secum.
1166 1689 1185 1771 §
1201 1690 1253 1752 16.
1275 1688 1331 1769 ζῆν
1347 1688 1416 1751 ὑπο-

243 1794 424 1872 λαμβάνεις
449 1793 551 1857 scribe
571 1792 818 1872 ὑπελοίμβανες,
837 1816 913 1858 uam
933 1795 1060 1884 ognovit
1080 1817 1220 1860 errorem
1240 1816 1338 1858 suum
1356 1791 1418 1857 'soi-

239 1900 327 1965 licet.
362 1902 380 1984 §
403 1903 453 1964 17.
478 1898 619 1963 ἐλείπετο
641 1898 694 1961 καί
712 1905 770 1963 τιῦν
791 1899 862 1980 όιρτι
881 1900 1122 1977 εἰσεληλυθότων
1141 1900 1302 1981 δευτέρους
1319 1894 1413 1971 εἶναι,

240 2004 358 2094 supple
385 2006 420 2069 τό
444 2004 499 2068 καί
519 2014 551 2067 et
580 2002 687 2092 recipe
717 2001 755 2069 ex
780 2013 837 2075 An
860 2005 1009 2072 κατέπιεν
1035 2029 1094 2096 pro
1112 2005 1325 2087 κατέφαγεν,
1353 2002 1416 2068 boo

235 2110 382 2202 prodigi
400 2121 461 2188 est,
479 2107 561 2174 illud
582 2110 753 2209 loll'uoms
779 2113 869 2195 518.
894 2112 1147 2190 ἀποτεινομένου
1145 2116 1209 2175 τοῦ
1233 2110 1331 2175 πότου
1355 2109 1417 2173 imo

241 2239 317 2282 sero
340 2214 612 2297 ταρατεινομένου.
650 2221 667 2303 §
693 2220 732 2281 19
761 2216 833 2305 lege
861 2216 949 2280 διί’1
932 2242 949 2290 η
976 2223 1063 2297 τριῶν
1083 2239 1142 2307 pro
1164 2217 1181 2292 il
1194 2216 1296 2281 ·1δόο
1277 2242 1296 2292 η
1320 2221 1435 2297 τριῦν..

242 2320 436 2401 διί11ητρεῖς
457 2320 607 2385 dicebant
629 2340 693 2385 non
713 2320 816 2396 δὺοῆ.
854 2323 946 2407 §24.
970 2323 1024 2385 οὑκ
1046 2321 1191 2401 αίσχὺνει
1214 2320 1417 2399 κόλαξινοίν-

241 2428 367 2509 θρώποις
402 2423 703 2507 οίντεξεταζόμενοςς
748 2424 904 2490 sententia
945 2427 1088 2515 postulat
1125 2424 1415 2507 συνεξεταζόμενος.

241 2536 332 2622 526.
366 2523 386 2611 ᾧ
415 2531 458 2596 τόν
488 2529 577 2594 όιλλα
614 2537 786 2596 συνειλοῦσι
819 2530 922 2595 scribo
950 2534 1110 2596 ένειλοῦσι.
1144 2532 1237 2617 527.
1269 2529 1415 2595 δύνασθαι

240 2638 327 2721 ᾄδειν
345 2636 450 2713 dilus.
478 2634 559 2699 nihil
578 2633 735 2723 significet
754 2634 860 2712 οὑξίας.
888 2657 994 2699 rernm
1016 2634 1206 2723 scripturam
1225 2634 1418 2699 monstrubit

243 2742 333 2807 locus
357 2744 489 2819 58,10.
514 2741 591 2804 αλλ’
612 2735 698 2811 οὑτός
720 2764 759 2817 γε
782 2739 866 2821 ρέσας
889 2740 992 2817 δεξιῶς
1015 2740 1147 2820 ἐκρότει.
1181 2744 1199 2827 §
1222 2742 1276 2805 28.
1292 2741 1418 2814 πολλὴν

243 2848 299 2923 την
322 2845 490 2912 κολακείαν
515 2846 732 2925 ἐμφανιοῦντα
738 2893 748 2922 ,
773 2844 908 2910 emenda
929 2842 1137 2928 ἐμφαίνοντα.
1169 2848 1267 2933 §30..
1286 2843 1418 2928 περιπό-

243 2976 315 3024 τους
342 2933 525 3030 ἐλευθερίους
545 2970 658 3013 reroca
677 2950 866 3033 ἐλευθέρους,
896 2973 961 3014 non
985 2963 1032 3015 est
1052 2953 1203 3016 liberulis
1224 2951 1420 3030 ambulatio,

243 3055 299 3123 sed
331 3057 445 3120 libera.
489 3058 582 3142 §36.
614 3053 878 3132 πεπαιδευμένους
911 3057 1019 3134 μισθοῦ
1058 3061 1235 3130 ὑποτελεῖς
1257 3056 1417 3134 ξυνόντας.

241 3160 400 3229 iocularis
429 3170 475 3224 est
504 3157 583 3222 baec
604 3157 827 3247 interpolatio,
852 3152 935 3250 quoe
956 3158 1146 3226 sententium
1170 3161 1202 3225 in
1224 3161 1420 3227 contrarium

243 3267 412 3361 pervertit,
432 3267 540 3344 μισθοῦ
562 3264 716 3339 ὑποτελνίς
742 3265 799 3352 qui
819 3278 881 3346 est,
905 3278 941 3330 ut
959 3268 1098 3345 δασμοῦ,
1123 3266 1217 3348 φόρου
1243 3268 1418 3344 ὑποτελός,

246 3397 313 3440 non
341 3375 466 3462 occepit
487 3367 682 3447 mercedem,
711 3370 879 3447 sed¹olteri
891 3373 1035 3463 pondit3
1060 3371 1122 3437 boo
1140 3372 1236 3437 etiam
1259 3384 1422 3462 supererat

247 3479 368 3547 miseris
389 3491 424 3543 ut
444 3476 557 3542 servile
575 3474 764 3565 obsequium
782 3478 846 3543 suis
866 3479 926 3543 sibi
946 3468 1086 3542 nummis
1103 3499 1207 3541 emere
1224 3475 1420 3544 dicerentur.

245 3587 401 3677 ‘Expunge
426 3585 601 3653 ὑποτελεῖς.
650 3579 688 3644 ln
709 3580 859 3670 eadem§
886 3583 964 3648 dum
989 3579 1175 3672 philosophi
1194 3582 1282 3672 opud
1302 3598 1422 3653 metro.

246 3714 323 3758 nam
352 3691 392 3756 de
421 3686 593 3777 sapientise
620 3685 746 3775 placitis
774 3686 935 3754 disserunt
956 3686 1136 3777 supervenit
1155 3710 1172 3750 o
1194 3688 1333 3754 moecho
1355 3693 1423 3783 epi-

249 3799 346 3865 stola:
372 3796 426 3862 illc
449 3795 555 3859 stotim
579 3794 740 3858 rescribit:
766 3793 915 3873 intereo,¹
931 3794 1055 3884 inquit,
1079 3795 1104 3858 oi
1131 3793 1198 3873 περί
1222 3799 1422 3876 σωφροσύνης

249 3907 356 3969 έκεῖνοι
389 3901 477 3978 λόγοι
507 3901 596 3967 ἓςοῦσι
622 3900 836 4068 περιμένοντες
866 3901 910 3970 ἔτ’
934 3901 973 3966 όιν
999 3900 1097 3974 ε’κείνη
1121 3898 1356 3980 όντιγροίφασα
1380 3905 1422 3984 τῷ

253 4010 400 4088 μοιχιρ.
389 4004 597 4085 πέανοιδροίμη
628 4005 701 4084 πρός
687 4006 783 4079 ςτην
812 4006 972 4085 θκρόασιν.
1022 4003 1094 4068 Nou
1122 4005 1274 4083 stabant,
1299 4008 1428 4096 opinor,

251 4116 275 4204 oi
301 4136 357 4192 περ
360 4112 370 4177 l
394 4114 480 4190 σαφρ
484 4108 590 4182 οσόνης
611 4106 738 4206 λόγοι,
766 4133 846 4199 quos
862 4116 1008 4177 iocussse
1027 4110 1113 4220 opud
1131 4109 1218 4175 illam
1235 4112 1311 4178 satis
1330 4138 1427 4251 oppu-

250 4228 317 4324 ret,
341 4214 445 4280 sed
420 4237 443 4277 or
470 4212 628 4291 λέγοντες.

260 4319 336 4385 ln
358 4320 481 4411 ,ιθρνοίοὸ
448 4323 533 4384 ov'z‘a
545 4323 791 4411 quoesequitur
813 4326 870 4404 18,
895 4328 932 4391 1.
949 4323 1104 4390 offendo
1096 4323 1253 4389 rnrerbis
1276 4321 1348 4392 είτοί
1378 4353 1424 4402 τις

202 4429 345 4501 αὑτός
371 4429 478 4489 ταῦτα
504 4449 568 4503 γεγ
570 4427 715 4508 ροιφόις1
701 4453 812 4496 επειτα
841 4432 897 4496 {nu
891 4456 915 4494 ·ν
943 4432 1052 4495 ἑαυτὸν
1078 4429 1136 4508 φέρ
1142 4452 1180 4492 ων
1210 4431 1253 4501 είς
1270 4431 1424 4498 δουλείαν

254 4532 442 4601 ένσέσεικεν,
474 4551 547 4594 nom
575 4553 681 4625 neque
701 4558 744 4597 εκ
738 4559 775 4599 ον
798 4547 839 4600 et
849 4536 949 4618 φέρον
970 4535 1051 4599 hene
1073 4534 1326 4622 coniunguntur,
1351 4539 1424 4628 quie

254 4638 354 4721 φέρον
384 4635 540 4726 siguificat
553 4639 644 4716 μετθι
668 4626 927 4721 προθυμίαςκαὶ
933 4641 1031 4721 όρμης
1052 4653 1087 4705 et
1108 4641 1153 4707 sio
1166 4641 1283 4708 debile
1304 4656 1336 4711 et
1356 4645 1426 4710 lem

257 4742 388 4834 gnidum
411 4741 485 4807 έκόν
503 4742 662 4823 σοοίυόίορ
676 4745 708 4810 e't
729 4743 810 4834 quin·
824 4742 923 4820 αὑτόέ
937 4745 1427 4836 ροισοοθειιρίααὺτὺο·γεγραι
