3309 5750
686 610 688 613 ’
791 634 855 698 277

241 836 390 916 μετοίκων
413 837 512 898 τινῶν.
549 828 603 895 VI.
627 833 681 896 32.
707 828 885 909 ἐλέχθησαν
913 830 1022 895 τοιοέδε
1046 828 1134 908 λέγοι
1159 833 1224 898 άπέ
1247 857 1283 899 τε
1307 832 1414 901 ἄλλων

242 944 308 1008 κτέ.
335 939 389 1005 vl.
411 943 465 1006 61.
484 941 543 1004 ἀπ’
566 935 680 1001 ἐκείνου
704 934 800 1000 ἐδόκει
826 937 1017 1015 πραχθῆναι.
1055 934 1142 1004 VIII.
1163 942 1214 1005 14.
1236 943 1414 1021 λεγομένων

238 1047 343 1127 λέγων
364 1045 429 1111 άπέ
450 1070 486 1110 τε
511 1049 565 1109 τοῦ
590 1040 769 1111 Χαλκιδέως
792 1039 845 1103 καὶ
868 1041 1086 1118 Ἀλκιβιάδου.
1122 1041 1169 1109 Id.
1192 1048 1244 1112 48.
1264 1052 1323 1125 τῶν
1350 1048 1414 1112 άπὸ

223 1150 447 1228 Ἀλκιβιάδου
471 1146 704 1231 πρασσομένων.
731 1143 778 1209 Id.
798 1145 852 1211 68.
871 1146 930 1209 εἰτ’
947 1148 1060 1226 ἀνδρῶν
1075 1155 1198 1214 πολλῶν
1213 1147 1267 1215 καῖ
1284 1150 1416 1228 ξυνετῶν

242 1258 382 1339 πραχθὲν
398 1257 432 1321 τδ
449 1254 557 1336 ἔργον,
584 1253 616 1317 in
639 1250 757 1340 quibus
775 1250 855 1315 locis
876 1252 1073 1341 quicumque
1094 1255 1225 1319 senserit
1244 1279 1341 1345 quam
1360 1256 1417 1320 ue*

242 1348 426 1429 cessarium
442 1360 482 1425 sit
510 1357 585 1435 ὑπέ,
614 1357 640 1421 is
660 1356 772 1422 eadem
793 1378 889 1446 opera
914 1379 1023 1423 omnes
1044 1358 1278 1426 eiusdemmodi
1297 1382 1418 1426 errores

243 1466 444 1534 confidenter
463 1459 654 1529 ex‘eaeteris
675 1462 861 1530 removebit.

287 1574 417 1638 Diversa
445 1569 525 1634 ratio
555 1579 602 1633 est
625 1568 790 1648 locorum,
815 1568 920 1658 qualis
940 1580 987 1635 est
1009 1568 1034 1634 l.
1059 1572 1111 1635 10.
1135 1572 1199 1635 άπδ
1225 1570 1330 1646 πάσης
1360 1579 1417 1646 τῆς

240 1676 394 1749 Ἑλλάδος
416 1672 627 1753 πεμπόμενοι,
655 1674 713 1738 ubi
732 1675 792 1739 ὑπέ
811 1673 999 1765 depravaret
1019 1676 1223 1754 seutentiam,
1247 1699 1312 1741 nou
1331 1676 1419 1741 euim
1457 1672 1469 1701 ²

242 1782 321 1848 dieit
349 1785 442 1855 πάσα
465 1782 482 1854 ἡ
509 1779 629 1853 Ἑλλάς
659 1778 803 1862 ἔπεμψεν
827 1782 959 1855 αὐτούς,
995 1780 1050 1846 sed
1080 1804 1123 1846 αα
1153 1786 1245 1847 omni
1272 1781 1419 1849 Graeceio

240 1892 356 1980 copias
385 1909 457 1951 esse
484 1886 648 1949 collectas.
681 1882 842 1950 Similiter
864 1884 951 1951 vtll.
973 1889 1027 1952 77.
1049 1888 1113 1952 άπὸ
1133 1893 1194 1951 τῶν
1212 1887 1418 1969 τετρακοσίων

240 1993 438 2075 πεμφθέντες
465 1990 521 2081 qui
542 1990 694 2055 dicuntur
713 2013 781 2081 cap.
801 1996 854 2060 86.
878 1993 904 2055 oi
927 1992 991 2056 άπὸ
1013 1996 1072 2056 τῶν
1093 1994 1298 2072 τετρακοσίων
1323 2016 1419 2073 πρεσ-

239 2098 373 2178 βευταί,
406 2108 442 2162 ut
471 2118 716 2185 nonnumquam
740 2097 859 2162 dicitur
882 2096 1079 2176 πρεσβευτὴς
1102 2095 1167 2160 άπέ
1189 2096 1287 2171 τινος,
1313 2118 1419 2187 neque

240 2203 401 2291 tetigerim
420 2199 475 2265 IV.
494 2206 549 2266 73.
572 2202 655 2264 οὐδέν
673 2202 736 2282 αφ’
752 2201 904 2283 ἑκατέρων
927 2201 1139 2281 ἐπεχειρεῖτο,
1166 2201 1240 2291 quia
1261 2202 1419 2291 siguificat

241 2308 441 2388 ἑκατέρωθεν,
469 2316 504 2368 ut
525 2304 688 2368 inrorant
712 2307 773 2386 ἀφ’
792 2306 944 2386 ἑκατέρων
970 2304 1079 2370 ἔπεσον
1101 2317 1134 2370 et
1154 2306 1320 2372 similibus.
1355 2307 1419 2374 Ea-

243 2412 318 2478 dem
339 2411 485 2476 conlusio
506 2432 600 2500 saepe
620 2410 653 2472 in
679 2410 783 2476 verbis
805 2411 990 2501 compositis
1009 2411 1147 2476 occurrit
1167 2435 1195 2478 r.
1206 2433 1233 2478 s.
1253 2395 1419 2494 άποφέέγ-

241 2542 360 2598 γωνται
390 2515 423 2581 iu
453 2515 544 2581 libris
570 2525 617 2580 est
636 2537 696 2604 pro
715 2515 835 2597 ὑποφέέ
837 2537 995 2593 γγ,ονται
1015 2516 1080 2579 et
1066 2515 1185 2588 νποςάς
1211 2539 1273 2606 pro
1294 2516 1417 2589 άτοτάς

242 2627 295 2701 27,
317 2627 369 2689 46.
390 2636 424 2688 et
444 2622 513 2687 aliis
533 2620 621 2687 locis.
669 2617 799 2710 Optime
822 2616 1149 2686 Ilrrrsruuuusrus
1116 2643 1151 2685 ru
1174 2625 1232 2701 10,
1253 2626 1290 2702 6,
1310 2626 1340 2689 3.
1359 2644 1418 2754 pro

239 2730 480 2810 denuntiatores
503 2727 685 2795 emendarit
704 2727 924 2807 νποσμνγέντ
926 2750 953 2798 ς

289 2832 619 2925 (δοωροιιάἰοίιιιιιζ,
656 2855 721 2925 quo
748 2831 813 2900 άπέ
841 2832 1006 2913 scribitur,
1031 2832 1233 2903 simillimum
1257 2847 1304 2902 est
1325 2834 1418 2901 alteri

243 2941 386 3020 cuidam,
407 2963 472 3032 quo
491 2939 576 3007 κατά
594 2939 759 3030 designare
781 2937 991 3029 taehygraphi
1009 2939 1173 3020 solebant,
1193 2941 1255 3008 rid.
1270 2945 1419 3008 Basrlutt

242 3047 319 3114 Tab.
342 3045 395 3114 VI.
416 3052 444 3112 4.
469 3049 499 3111 έν
521 3047 563 3127 τῷ
585 3046 660 3111 κατ’
679 3044 914 3126 ’Λριτοκράτονς
935 3056 968 3110 et
990 3043 1042 3110 VI.
1058 3050 1116 3112 l3'.
1137 3047 1179 3128 τῷ
1203 3048 1289 3113 κατά
1313 3046 1417 3128 παρά-

239 3162 337 3236 ληψιν
360 3155 520 3235 σχήματι.
555 3150 632 3217 bino
659 3150 724 3217 άπέ
749 3161 782 3215 et
811 3152 898 3217 κατά
927 3150 1011 3216 inter
1032 3175 1064 3217 se
1084 3164 1327 3243 permutantur,
1351 3174 1417 3217 non

243 3278 361 3348 magno
379 3259 485 3337 malo,
509 3257 625 3346 siquis
646 3257 742 3344 longo
761 3276 819 3320 usu
842 3258 966 3323 noverit
985 3257 1041 3322 ubi
1060 3259 1124 3323 άπέ
1144 3253 1338 3348 requiratur,
1363 3257 1419 3322 ubi

244 3363 330 3429 κατά
350 3363 390 3428 sit
409 3363 639 3440 necessarium,
659 3382 761 3451 eaque
781 3361 865 3425 inter
884 3359 917 3426 se
939 3361 1023 3427 selva
1046 3362 1226 3429 Graecitate
1244 3361 1419 3454 perr'uutari

242 3493 309 3536 non
336 3492 438 3560 posse.
488 3467 636 3558 Aliquem
658 3466 698 3532 de
720 3487 793 3531 saro
818 3465 894 3531 dare
915 3466 1122 3557 praeeipitem
1143 3467 1261 3533 dieitur
1279 3468 1417 3549 ῥίπτειν,

244 3579 329 3643 ὠέεῒν
354 3574 441 3649 τινά,
467 3574 621 3653 βάλλειν,
645 3572 774 3655 οὶφιέναι
790 3570 861 3635 τινα
876 3571 962 3636 κατά
980 3571 1097 3653 πέτρας
1119 3595 1184 3637 non
1205 3573 1268 3637 άπὸ
1287 3572 1416 3653 πέτρας.

242 3682 357 3772 ltaque
387 3680 454 3746 vitii
482 3677 669 3743 manifestus
699 3688 746 3742 est
770 3673 860 3741 loeus
882 3673 1027 3754 chnrn
1048 3679 1106 3755 15,
1128 3681 1182 3745 46.
1212 3675 1297 3758 ἄφες
1324 3676 1418 3740 αὐτὸν
1529 3695 1536 3709 ·

240 3788 291 3853 έπὶ
322 3786 467 3869 κεφαλὴν
490 3785 554 3849 άπὸ
579 3791 636 3857 τῆς
663 3783 798 3864 πέτρας,
835 3784 905 3866 et§
928 3785 978 3848 49.
1003 3782 1066 3846 άπὸ
1092 3788 1148 3856 τῆς
1175 3783 1275 3853 αὐτῆς
1301 3779 1417 3861 πέτρας

241 3892 294 3958 καὶ
319 3888 421 3964 οὗτος,
457 3888 629 3978 utrobique
649 3887 736 3953 κατά
758 3887 997 3969 emendandum
1017 3910 1099 3966 esse,
1123 3886 1149 3952 si
1170 3885 1254 3951 forte
1276 3884 1419 3964 dubitas,

242 3995 474 4062 demonstrabit
495 3994 590 4079 tibi§
613 3997 666 4060 50.
690 3995 796 4059 οὐκοῦν
822 3994 875 4058 καὶ
901 3989 987 4067 οὗτος
1010 3994 1095 4060 κατά
1122 3999 1180 4059 τῶν
1204 3997 1333 4074 πετρῶν.
1366 3989 1419 4056 Si·

241 4101 364 4169 militer
382 4105 445 4180 30,
465 4105 496 4166 6.
519 4101 672 4180 ἱερόσυλον
697 4102 764 4166 ἰδὼν
784 4101 848 4168 άπδ
866 4107 923 4175 τῆς
943 4100 1062 4182 πέτρας
1082 4098 1263 4180 ῥιπτόμενον
1283 4098 1419 4164 emenda

240 4207 337 4276 κατά.
372 4205 467 4298 Apud
488 4203 693 4272 Suusuonuat
711 4207 745 4270 in
764 4205 949 4271 Murranum
967 4205 1148 4295 fragmento
1166 4227 1203 4300 p.
1216 4207 1280 4269 452
1296 4204 1418 4292 corrige

238 4319 332 4397 ῥῖψαι
358 4314 476 4394 πέτρας
501 4309 587 4376 κατά
604 4314 802 4391 τηλεφανοῦς
826 4332 883 4399 pro
901 4310 982 4384 άπέ,
1008 4310 1097 4374 utin
1117 4309 1324 4376 Tuuouututs
1340 4322 1418 4376 noto

239 4422 329 4500 loeo,
353 4443 418 4511 quo
438 4440 532 4508 saepe
552 4414 724 4481 Lucrrrtus
743 4415 861 4494 utitur,
886 4438 929 4481 rs.
950 4415 1023 4482 176.

422 4524 539 4605 ρ’έπτειν
563 4521 616 4587 καὶ
642 4520 794 4602 πετρέων,
817 4520 929 4601 Κύρνε,
952 4522 1025 4584 κατ’
1049 4519 1226 4599 ἠλιβάτων,

238 4644 271 4700 et
292 4652 385 4720 saepe
406 4627 491 4718 apud
510 4627 598 4693 alios.
646 4624 750 4691 Simili
770 4623 867 4690 motlo
895 4622 1048 4714 peooa'tur
1071 4622 1105 4688 iu
1123 4623 1232 4690 -rerbis
1253 4621 1416 4714 composi-

240 4737 363 4814 tis'27,
383 4739 436 4802 35.
462 4731 563 4799 codd.
592 4731 839 4814 καταπεμφθείς
860 4741 893 4797 et
911 4727 1282 4813 άποπεμφέεέςιεδοέιοωι
1302 4742 1336 4796 et
1355 4735 1416 4810 54,
