<?xml version="1.0" encoding="UTF-8"?>
<!DOCTYPE html PUBLIC "-//W3C//DTD XHTML 1.0 Transitional//EN"
    "http://www.w3.org/TR/xhtml1/DTD/xhtml1-transitional.dtd">
<html xmlns="http://www.w3.org/1999/xhtml" xml:lang="en" lang="en">
 <head>
  <title>
</title>
<meta http-equiv="Content-Type" content="text/html;charset=utf-8" />
  <meta name='ocr-system' content='tesseract 3.04.00' />
  <meta name='ocr-capabilities' content='ocr_page ocr_carea ocr_par ocr_line ocrx_word'/>
</head>
<body>
  <div class='ocr_page' id='page_1' title='image "./variaelectiones01cobegoog_0306.png"; bbox 0 0 3309 5750; ppageno 0'>
   <div class='ocr_carea' id='block_1_1' title="bbox 794 658 857 731">
    <p class='ocr_par' dir='ltr' id='par_1_1' title="bbox 794 658 857 731">
     <span class='ocr_line' id='line_1_1' title="bbox 794 658 857 731; baseline -0.032 0"><span class='ocrx_word' id='word_1_1' title='bbox 794 658 857 731; x_wconf 75' lang='lat'><strong>197</strong></span> 
     </span>
    </p>
   </div>
   <div class='ocr_carea' id='block_1_2' title="bbox 198 849 1514 2951">
    <p class='ocr_par' dir='ltr' id='par_1_2' title="bbox 198 849 1514 2951">
     <span class='ocr_line' id='line_1_2' title="bbox 238 849 1415 949; baseline -0.003 -17"><span class='ocrx_word' id='word_1_2' title='bbox 238 869 308 939; x_wconf 84' lang='grc' dir='ltr'><em>κοῦς</em></span> <span class='ocrx_word' id='word_1_3' title='bbox 335 862 441 933; x_wconf 72' lang='lat' dir='ltr'><strong>isaiam</strong></span> <span class='ocrx_word' id='word_1_4' title='bbox 468 859 521 926; x_wconf 77' lang='grc' dir='ltr'><em>καὶ</em></span> <span class='ocrx_word' id='word_1_5' title='bbox 548 858 669 935; x_wconf 69' lang='lat' dir='ltr'><strong>siracti</strong></span> <span class='ocrx_word' id='word_1_6' title='bbox 693 857 818 923; x_wconf 81' lang='grc' dir='ltr'><em>διδόναι.</em></span> <span class='ocrx_word' id='word_1_7' title='bbox 849 883 881 949; x_wconf 90' lang='lat' dir='ltr'><strong>p.</strong></span> <span class='ocrx_word' id='word_1_8' title='bbox 904 860 979 925; x_wconf 81' lang='lat'><strong>425.</strong></span> <span class='ocrx_word' id='word_1_9' title='bbox 1004 856 1160 923; x_wconf 76' lang='grc' dir='ltr'><em>Φίλιππον</em></span> <span class='ocrx_word' id='word_1_10' title='bbox 1175 866 1320 940; x_wconf 78' lang='grc' dir='ltr'><em>χαλκοῦν</em></span> <span class='ocrx_word' id='word_1_11' title='bbox 1341 849 1415 932; x_wconf 56' lang='lat' dir='ltr'><strong>isai*</strong></span> 
     </span>
     <span class='ocr_line' id='line_1_3' title="bbox 237 963 1514 1059; baseline -0.001 -24"><span class='ocrx_word' id='word_1_12' title='bbox 237 995 285 1037; x_wconf 87' lang='grc' dir='ltr'><strong>σιν</strong></span> <span class='ocrx_word' id='word_1_13' title='bbox 307 982 339 1035; x_wconf 91' lang='lat' dir='ltr'><strong>et</strong></span> <span class='ocrx_word' id='word_1_14' title='bbox 360 994 392 1059; x_wconf 86' lang='lat' dir='ltr'><strong>p.</strong></span> <span class='ocrx_word' id='word_1_15' title='bbox 413 970 489 1035; x_wconf 87' lang='lat'><strong>807.</strong></span> <span class='ocrx_word' id='word_1_16' title='bbox 512 963 642 1030; x_wconf 72' lang='lat' dir='ltr'><strong>Eiteia</strong></span> <span class='ocrx_word' id='word_1_17' title='bbox 665 966 809 1044; x_wconf 79' lang='grc' dir='ltr'><em>χαλκοῦν</em></span> <span class='ocrx_word' id='word_1_18' title='bbox 828 965 859 1046; x_wconf 82' lang='grc' dir='ltr'><strong>ἐν</strong></span> <span class='ocrx_word' id='word_1_19' title='bbox 883 965 985 1047; x_wconf 73' lang='grc' dir='ltr'><em>ῶρορρῦ</em></span> <span class='ocrx_word' id='word_1_20' title='bbox 1012 971 1125 1037; x_wconf 79' lang='grc' dir='ltr'><em>ςῶσαι,</em></span> <span class='ocrx_word' id='word_1_21' title='bbox 1151 974 1184 1028; x_wconf 93' lang='lat' dir='ltr'><strong>et</strong></span> <span class='ocrx_word' id='word_1_22' title='bbox 1212 988 1303 1056; x_wconf 82' lang='lat' dir='ltr'><strong>saepe</strong></span> <span class='ocrx_word' id='word_1_23' title='bbox 1327 968 1413 1059; x_wconf 92' lang='lat' dir='ltr'><strong>apud</strong></span> <span class='ocrx_word' id='word_1_24' title='bbox 1468 1045 1471 1052; x_wconf 24' lang='lat'>¹</span> <span class='ocrx_word' id='word_1_25' title='bbox 1509 1028 1514 1040; x_wconf 90' lang='grc'><em>,</em></span> 
     </span>
     <span class='ocr_line' id='line_1_4' title="bbox 215 1069 1413 1164; baseline -0.004 -21"><span class='ocrx_word' id='word_1_26' title='bbox 215 1069 325 1143; x_wconf 86' lang='lat' dir='ltr'><strong>alios.</strong></span> <span class='ocrx_word' id='word_1_27' title='bbox 372 1074 485 1164; x_wconf 89' lang='lat' dir='ltr'><strong>ltaque</strong></span> <span class='ocrx_word' id='word_1_28' title='bbox 510 1070 608 1137; x_wconf 90' lang='lat' dir='ltr'><strong>sicui</strong></span> <span class='ocrx_word' id='word_1_29' title='bbox 630 1081 733 1135; x_wconf 88' lang='lat' dir='ltr'><strong>statua</strong></span> <span class='ocrx_word' id='word_1_30' title='bbox 754 1091 791 1133; x_wconf 86' lang='lat' dir='ltr'><strong>ex</strong></span> <span class='ocrx_word' id='word_1_31' title='bbox 814 1092 886 1135; x_wconf 86' lang='lat' dir='ltr'><strong>aare</strong></span> <span class='ocrx_word' id='word_1_32' title='bbox 907 1082 989 1135; x_wconf 89' lang='lat' dir='ltr'><strong>esset</strong></span> <span class='ocrx_word' id='word_1_33' title='bbox 1010 1070 1114 1159; x_wconf 93' lang='lat' dir='ltr'><strong>posita</strong></span> <span class='ocrx_word' id='word_1_34' title='bbox 1136 1069 1306 1137; x_wconf 85' lang='lat' dir='ltr'>dicebatur</span> <span class='ocrx_word' id='word_1_35' title='bbox 1325 1089 1413 1155; x_wconf 78' lang='grc' dir='ltr'><em>χαλ-</em></span> 
     </span>
     <span class='ocr_line' id='line_1_5' title="bbox 198 1162 1416 1260; baseline -0.003 -13"><span class='ocrx_word' id='word_1_36' title='bbox 198 1162 202 1168; x_wconf 90' lang='lat'>.</span> <span class='ocrx_word' id='word_1_37' title='bbox 237 1189 309 1256; x_wconf 86' lang='grc' dir='ltr'><em>κοῦς</em></span> <span class='ocrx_word' id='word_1_38' title='bbox 332 1180 452 1250; x_wconf 76' lang='grc' dir='ltr'><em>ἑςοέναι.</em></span> <span class='ocrx_word' id='word_1_39' title='bbox 488 1178 692 1244; x_wconf 74' lang='lat' dir='ltr'><strong>Htssonotus</strong></span> <span class='ocrx_word' id='word_1_40' title='bbox 709 1173 749 1239; x_wconf 87' lang='lat' dir='ltr'><strong>ll.</strong></span> <span class='ocrx_word' id='word_1_41' title='bbox 773 1177 848 1241; x_wconf 77' lang='lat'>141.</span> <span class='ocrx_word' id='word_1_42' title='bbox 872 1177 925 1241; x_wconf 72' lang='lat' dir='ltr'><strong>rosi</strong></span> <span class='ocrx_word' id='word_1_43' title='bbox 949 1183 1000 1241; x_wconf 93' lang='grc' dir='ltr'><strong>νῦν</strong></span> <span class='ocrx_word' id='word_1_44' title='bbox 1024 1174 1117 1253; x_wconf 78' lang='grc' dir='ltr'><em>έςκκε</em></span> <span class='ocrx_word' id='word_1_45' title='bbox 1141 1180 1172 1243; x_wconf 81' lang='grc' dir='ltr'><strong>έν</strong></span> <span class='ocrx_word' id='word_1_46' title='bbox 1194 1181 1237 1259; x_wconf 79' lang='grc' dir='ltr'><strong>τῷ</strong></span> <span class='ocrx_word' id='word_1_47' title='bbox 1262 1181 1312 1260; x_wconf 79' lang='grc' dir='ltr'><strong>ἱρῷ</strong></span> <span class='ocrx_word' id='word_1_48' title='bbox 1338 1180 1416 1245; x_wconf 76' lang='grc' dir='ltr'><em>λοῦν-</em></span> 
     </span>
     <span class='ocr_line' id='line_1_6' title="bbox 237 1278 1416 1363; baseline 0 -14"><span class='ocrx_word' id='word_1_49' title='bbox 237 1309 302 1360; x_wconf 84' lang='grc' dir='ltr'><em>νος,</em></span> <span class='ocrx_word' id='word_1_50' title='bbox 337 1285 380 1351; x_wconf 86' lang='lat' dir='ltr'><strong>sic</strong></span> <span class='ocrx_word' id='word_1_51' title='bbox 401 1295 433 1349; x_wconf 91' lang='lat' dir='ltr'><strong>et</strong></span> <span class='ocrx_word' id='word_1_52' title='bbox 454 1286 589 1363; x_wconf 79' lang='grc' dir='ltr'><em>χρυσοῦς</em></span> <span class='ocrx_word' id='word_1_53' title='bbox 612 1279 704 1356; x_wconf 66' lang='lat' dir='ltr'><strong>ismae</strong></span> <span class='ocrx_word' id='word_1_54' title='bbox 734 1278 853 1344; x_wconf 87' lang='lat' dir='ltr'><strong>dicitur</strong></span> <span class='ocrx_word' id='word_1_55' title='bbox 881 1293 912 1345; x_wconf 90' lang='lat' dir='ltr'><strong>et</strong></span> <span class='ocrx_word' id='word_1_56' title='bbox 940 1282 994 1356; x_wconf 82' lang='grc' dir='ltr'><strong>έςκ</strong></span> <span class='ocrx_word' id='word_1_57' title='bbox 1020 1292 1052 1345; x_wconf 90' lang='lat' dir='ltr'><strong>et</strong></span> <span class='ocrx_word' id='word_1_58' title='bbox 1073 1283 1223 1360; x_wconf 75' lang='grc' dir='ltr'><em>ςήσεται,</em></span> <span class='ocrx_word' id='word_1_59' title='bbox 1251 1306 1317 1349; x_wconf 93' lang='lat' dir='ltr'><strong>uon</strong></span> <span class='ocrx_word' id='word_1_60' title='bbox 1338 1284 1416 1349; x_wconf 92' lang='lat' dir='ltr'><strong>item</strong></span> 
     </span>
     <span class='ocr_line' id='line_1_7' title="bbox 236 1386 1416 1478; baseline 0.002 -24"><span class='ocrx_word' id='word_1_61' title='bbox 236 1391 368 1464; x_wconf 74' lang='grc' dir='ltr'><em>ςαέῶναι</em></span> <span class='ocrx_word' id='word_1_62' title='bbox 400 1402 431 1455; x_wconf 88' lang='lat' dir='ltr'><strong>et</strong></span> <span class='ocrx_word' id='word_1_63' title='bbox 457 1388 663 1463; x_wconf 68' lang='lat' dir='ltr'><strong>solissolis,</strong></span> <span class='ocrx_word' id='word_1_64' title='bbox 700 1407 783 1474; x_wconf 91' lang='lat' dir='ltr'><strong>quae</strong></span> <span class='ocrx_word' id='word_1_65' title='bbox 809 1397 883 1451; x_wconf 91' lang='lat' dir='ltr'><strong>sunt</strong></span> <span class='ocrx_word' id='word_1_66' title='bbox 914 1386 1100 1453; x_wconf 79' lang='lat' dir='ltr'>Graecitatis</span> <span class='ocrx_word' id='word_1_67' title='bbox 1124 1388 1359 1478; x_wconf 77' lang='lat' dir='ltr'><strong>languescentis</strong></span> <span class='ocrx_word' id='word_1_68' title='bbox 1383 1402 1416 1456; x_wconf 90' lang='lat' dir='ltr'><strong>et</strong></span> 
     </span>
     <span class='ocr_line' id='line_1_8' title="bbox 237 1490 1417 1585; baseline 0.004 -27"><span class='ocrx_word' id='word_1_69' title='bbox 237 1493 384 1559; x_wconf 92' lang='lat' dir='ltr'><strong>labentis.</strong></span> <span class='ocrx_word' id='word_1_70' title='bbox 435 1490 519 1575; x_wconf 80' lang='lat' dir='ltr'><strong>Quid</strong></span> <span class='ocrx_word' id='word_1_71' title='bbox 543 1490 661 1559; x_wconf 69' lang='lat' dir='ltr'><strong>Patro</strong></span> <span class='ocrx_word' id='word_1_72' title='bbox 683 1490 843 1580; x_wconf 80' lang='lat' dir='ltr'><strong>scripserit</strong></span> <span class='ocrx_word' id='word_1_73' title='bbox 866 1504 972 1582; x_wconf 91' lang='lat' dir='ltr'><strong>potest</strong></span> <span class='ocrx_word' id='word_1_74' title='bbox 997 1493 1058 1557; x_wconf 90' lang='lat' dir='ltr'><strong>iam</strong></span> <span class='ocrx_word' id='word_1_75' title='bbox 1087 1516 1124 1558; x_wconf 88' lang='lat' dir='ltr'><strong>ex</strong></span> <span class='ocrx_word' id='word_1_76' title='bbox 1144 1492 1193 1558; x_wconf 91' lang='lat' dir='ltr'><strong>his</strong></span> <span class='ocrx_word' id='word_1_77' title='bbox 1215 1496 1340 1585; x_wconf 78' lang='lat' dir='ltr'><strong>colligi,</strong></span> <span class='ocrx_word' id='word_1_78' title='bbox 1362 1496 1417 1563; x_wconf 88' lang='lat' dir='ltr'><strong>scd</strong></span> 
     </span>
     <span class='ocr_line' id='line_1_9' title="bbox 237 1596 1418 1688; baseline 0.003 -24"><span class='ocrx_word' id='word_1_79' title='bbox 237 1622 359 1664; x_wconf 86' lang='lat' dir='ltr'><strong>norum</strong></span> <span class='ocrx_word' id='word_1_80' title='bbox 392 1598 515 1663; x_wconf 90' lang='lat' dir='ltr'><strong>accedit</strong></span> <span class='ocrx_word' id='word_1_81' title='bbox 551 1596 768 1662; x_wconf 90' lang='lat' dir='ltr'><strong>emendationi</strong></span> <span class='ocrx_word' id='word_1_82' title='bbox 803 1598 1000 1688; x_wconf 85' lang='lat' dir='ltr'><strong>praesidium</strong></span> <span class='ocrx_word' id='word_1_83' title='bbox 1029 1622 1047 1664; x_wconf 94' lang='lat' dir='ltr'><strong>e</strong></span> <span class='ocrx_word' id='word_1_84' title='bbox 1081 1598 1206 1664; x_wconf 75' lang='lat' dir='ltr'><strong>Lexzco</strong></span> <span class='ocrx_word' id='word_1_85' title='bbox 1236 1599 1418 1668; x_wconf 79' lang='lat' dir='ltr'><strong>Pnomrto.</strong></span> 
     </span>
     <span class='ocr_line' id='line_1_10' title="bbox 239 1703 1419 1795; baseline 0.002 -25"><span class='ocrx_word' id='word_1_86' title='bbox 239 1706 384 1772; x_wconf 81' lang='lat' dir='ltr'><strong>Pflotws</strong></span> <span class='ocrx_word' id='word_1_87' title='bbox 410 1705 516 1771; x_wconf 90' lang='lat' dir='ltr'><strong>nescio</strong></span> <span class='ocrx_word' id='word_1_88' title='bbox 546 1703 633 1769; x_wconf 89' lang='lat' dir='ltr'><strong>unde</strong></span> <span class='ocrx_word' id='word_1_89' title='bbox 663 1716 775 1770; x_wconf 88' lang='lat' dir='ltr'><strong>nactus</strong></span> <span class='ocrx_word' id='word_1_90' title='bbox 804 1717 852 1770; x_wconf 91' lang='lat' dir='ltr'><strong>est</strong></span> <span class='ocrx_word' id='word_1_91' title='bbox 879 1706 1010 1795; x_wconf 91' lang='lat' dir='ltr'><strong>antiqua</strong></span> <span class='ocrx_word' id='word_1_92' title='bbox 1030 1703 1063 1768; x_wconf 92' lang='lat' dir='ltr'><strong>in</strong></span> <span class='ocrx_word' id='word_1_93' title='bbox 1085 1705 1266 1771; x_wconf 73' lang='lat' dir='ltr'><strong>Pastorum</strong></span> <span class='ocrx_word' id='word_1_94' title='bbox 1287 1705 1419 1772; x_wconf 78' lang='lat' dir='ltr'><strong>Scholia</strong></span> 
     </span>
     <span class='ocr_line' id='line_1_11' title="bbox 237 1811 1417 1903; baseline 0.001 -27"><span class='ocrx_word' id='word_1_95' title='bbox 237 1811 390 1903; x_wconf 86' lang='lat' dir='ltr'><strong>perdocta</strong></span> <span class='ocrx_word' id='word_1_96' title='bbox 410 1826 442 1879; x_wconf 88' lang='lat' dir='ltr'><strong>et</strong></span> <span class='ocrx_word' id='word_1_97' title='bbox 462 1811 598 1901; x_wconf 84' lang='lat' dir='ltr'><strong>vulgatis</strong></span> <span class='ocrx_word' id='word_1_98' title='bbox 618 1812 780 1901; x_wconf 89' lang='lat' dir='ltr'><strong>plerisque</strong></span> <span class='ocrx_word' id='word_1_99' title='bbox 800 1812 911 1876; x_wconf 90' lang='lat' dir='ltr'><strong>multis</strong></span> <span class='ocrx_word' id='word_1_100' title='bbox 932 1811 1076 1902; x_wconf 88' lang='lat' dir='ltr'><strong>partibus</strong></span> <span class='ocrx_word' id='word_1_101' title='bbox 1096 1811 1248 1891; x_wconf 89' lang='lat' dir='ltr'><strong>meliora,</strong></span> <span class='ocrx_word' id='word_1_102' title='bbox 1279 1835 1362 1901; x_wconf 89' lang='lat' dir='ltr'><strong>quae</strong></span> <span class='ocrx_word' id='word_1_103' title='bbox 1384 1814 1417 1877; x_wconf 91' lang='lat' dir='ltr'><strong>in</strong></span> 
     </span>
     <span class='ocr_line' id='line_1_12' title="bbox 239 1918 1418 2010; baseline 0 -26"><span class='ocrx_word' id='word_1_104' title='bbox 239 1942 328 1985; x_wconf 88' lang='lat' dir='ltr'><strong>suam</strong></span> <span class='ocrx_word' id='word_1_105' title='bbox 360 1921 550 2010; x_wconf 83' lang='lat' dir='ltr'><strong>farraginem</strong></span> <span class='ocrx_word' id='word_1_106' title='bbox 582 1919 703 2009; x_wconf 90' lang='lat' dir='ltr'><strong>recepit</strong></span> <span class='ocrx_word' id='word_1_107' title='bbox 739 1930 770 1984; x_wconf 89' lang='lat' dir='ltr'><strong>et</strong></span> <span class='ocrx_word' id='word_1_108' title='bbox 802 1918 925 1984; x_wconf 75' lang='lat' dir='ltr'><strong>utiliter</strong></span> <span class='ocrx_word' id='word_1_109' title='bbox 953 1918 995 1983; x_wconf 89' lang='lat' dir='ltr'><strong>ab</strong></span> <span class='ocrx_word' id='word_1_110' title='bbox 1026 1918 1136 2007; x_wconf 89' lang='lat' dir='ltr'><strong>aliquo</strong></span> <span class='ocrx_word' id='word_1_111' title='bbox 1162 1931 1367 1984; x_wconf 87' lang='lat' dir='ltr'><strong>secernentur</strong></span> <span class='ocrx_word' id='word_1_112' title='bbox 1385 1930 1418 1984; x_wconf 90' lang='lat' dir='ltr'><strong>et</strong></span> 
     </span>
     <span class='ocr_line' id='line_1_13' title="bbox 237 2023 1419 2116; baseline 0.001 -26"><span class='ocrx_word' id='word_1_113' title='bbox 237 2026 410 2091; x_wconf 87' lang='lat' dir='ltr'><strong>Platonicis</strong></span> <span class='ocrx_word' id='word_1_114' title='bbox 430 2026 600 2091; x_wconf 90' lang='lat' dir='ltr'><strong>addentur.</strong></span> <span class='ocrx_word' id='word_1_115' title='bbox 648 2023 686 2090; x_wconf 92' lang='lat' dir='ltr'><strong>In</strong></span> <span class='ocrx_word' id='word_1_116' title='bbox 710 2046 786 2090; x_wconf 78' lang='lat' dir='ltr'><strong>soce</strong></span> <span class='ocrx_word' id='word_1_117' title='bbox 806 2026 989 2106; x_wconf 76' lang='grc' dir='ltr'><em>Κυψελιδῶν</em></span> <span class='ocrx_word' id='word_1_118' title='bbox 1012 2023 1162 2102; x_wconf 77' lang='grc' dir='ltr'><em>οῦνοέένμα</em></span> <span class='ocrx_word' id='word_1_119' title='bbox 1182 2036 1272 2090; x_wconf 84' lang='lat' dir='ltr'><strong>vetus</strong></span> <span class='ocrx_word' id='word_1_120' title='bbox 1292 2038 1323 2091; x_wconf 89' lang='lat' dir='ltr'><strong>et</strong></span> <span class='ocrx_word' id='word_1_121' title='bbox 1343 2048 1419 2116; x_wconf 87' lang='lat' dir='ltr'><strong>per·</strong></span> 
     </span>
     <span class='ocr_line' id='line_1_14' title="bbox 238 2129 1418 2220; baseline -0.001 -23"><span class='ocrx_word' id='word_1_122' title='bbox 238 2132 401 2197; x_wconf 90' lang='lat' dir='ltr'><strong>eruditum</strong></span> <span class='ocrx_word' id='word_1_123' title='bbox 421 2131 575 2197; x_wconf 91' lang='lat' dir='ltr'><strong>Scholion</strong></span> <span class='ocrx_word' id='word_1_124' title='bbox 596 2132 630 2195; x_wconf 91' lang='lat' dir='ltr'><strong>in</strong></span> <span class='ocrx_word' id='word_1_125' title='bbox 650 2132 807 2196; x_wconf 82' lang='lat' dir='ltr'><strong>Phaedri</strong></span> <span class='ocrx_word' id='word_1_126' title='bbox 827 2130 850 2196; x_wconf 71' lang='lat' dir='ltr'><strong>l,</strong></span> <span class='ocrx_word' id='word_1_127' title='bbox 868 2130 890 2196; x_wconf 92' lang='lat' dir='ltr'><strong>l.</strong></span> <span class='ocrx_word' id='word_1_128' title='bbox 912 2130 1060 2209; x_wconf 82' lang='lat' dir='ltr'><strong>serravit,</strong></span> <span class='ocrx_word' id='word_1_129' title='bbox 1085 2129 1117 2194; x_wconf 91' lang='lat' dir='ltr'><strong>in</strong></span> <span class='ocrx_word' id='word_1_130' title='bbox 1139 2155 1203 2220; x_wconf 89' lang='lat' dir='ltr'><strong>quo</strong></span> <span class='ocrx_word' id='word_1_131' title='bbox 1223 2155 1297 2196; x_wconf 80' lang='lat' dir='ltr'><strong>rere</strong></span> <span class='ocrx_word' id='word_1_132' title='bbox 1320 2131 1418 2197; x_wconf 90' lang='lat' dir='ltr'><strong>lectio</strong></span> 
     </span>
     <span class='ocr_line' id='line_1_15' title="bbox 237 2234 1416 2328; baseline -0.001 -26"><span class='ocrx_word' id='word_1_133' title='bbox 237 2238 394 2328; x_wconf 83' lang='lat' dir='ltr'><strong>perlucet.</strong></span> <span class='ocrx_word' id='word_1_134' title='bbox 442 2236 479 2301; x_wconf 92' lang='lat' dir='ltr'><strong>ln</strong></span> <span class='ocrx_word' id='word_1_135' title='bbox 511 2235 608 2300; x_wconf 90' lang='lat' dir='ltr'><strong>unico</strong></span> <span class='ocrx_word' id='word_1_136' title='bbox 636 2234 754 2301; x_wconf 89' lang='lat' dir='ltr'><strong>Codice</strong></span> <span class='ocrx_word' id='word_1_137' title='bbox 777 2244 824 2299; x_wconf 90' lang='lat' dir='ltr'><strong>est</strong></span> <span class='ocrx_word' id='word_1_138' title='bbox 844 2235 1046 2315; x_wconf 71' lang='grc' dir='ltr'><em>σφυρήλατος</em></span> <span class='ocrx_word' id='word_1_139' title='bbox 1072 2236 1102 2298; x_wconf 85' lang='grc' dir='ltr'><strong>ἕν</strong></span> <span class='ocrx_word' id='word_1_140' title='bbox 1128 2237 1282 2314; x_wconf 78' lang='grc' dir='ltr'><em>ὀλυμπίαν</em></span> <span class='ocrx_word' id='word_1_141' title='bbox 1309 2236 1416 2311; x_wconf 68' lang='lat' dir='ltr'><strong>setta.</strong></span> 
     </span>
     <span class='ocr_line' id='line_1_16' title="bbox 238 2338 1419 2430; baseline -0.001 -23"><span class='ocrx_word' id='word_1_142' title='bbox 238 2341 376 2407; x_wconf 89' lang='lat' dir='ltr'><strong>emenda</strong></span> <span class='ocrx_word' id='word_1_143' title='bbox 396 2339 501 2416; x_wconf 81' lang='grc' dir='ltr'><em>έςαέι,</em></span> <span class='ocrx_word' id='word_1_144' title='bbox 529 2364 625 2430; x_wconf 79' lang='lat' dir='ltr'><strong>qnam</strong></span> <span class='ocrx_word' id='word_1_145' title='bbox 646 2341 780 2405; x_wconf 83' lang='lat' dir='ltr'><strong>sormam</strong></span> <span class='ocrx_word' id='word_1_146' title='bbox 803 2338 970 2417; x_wconf 87' lang='lat' dir='ltr'><strong>Graeculi,</strong></span> <span class='ocrx_word' id='word_1_147' title='bbox 992 2339 1066 2428; x_wconf 89' lang='lat' dir='ltr'><strong>quia</strong></span> <span class='ocrx_word' id='word_1_148' title='bbox 1088 2338 1211 2405; x_wconf 89' lang='lat' dir='ltr'><strong>dudum</strong></span> <span class='ocrx_word' id='word_1_149' title='bbox 1231 2341 1419 2420; x_wconf 89' lang='lat' dir='ltr'><strong>amiserant,</strong></span> 
     </span>
     <span class='ocr_line' id='line_1_17' title="bbox 239 2445 1420 2538; baseline 0.001 -26"><span class='ocrx_word' id='word_1_150' title='bbox 239 2446 466 2537; x_wconf 87' lang='lat' dir='ltr'><strong>interpolando</strong></span> <span class='ocrx_word' id='word_1_151' title='bbox 496 2446 608 2511; x_wconf 88' lang='lat' dir='ltr'><strong>tollere</strong></span> <span class='ocrx_word' id='word_1_152' title='bbox 638 2456 860 2523; x_wconf 87' lang='lat' dir='ltr'><strong>assueverunt,</strong></span> <span class='ocrx_word' id='word_1_153' title='bbox 892 2456 928 2509; x_wconf 91' lang='lat' dir='ltr'><strong>ut</strong></span> <span class='ocrx_word' id='word_1_154' title='bbox 957 2445 990 2509; x_wconf 92' lang='lat' dir='ltr'><strong>in</strong></span> <span class='ocrx_word' id='word_1_155' title='bbox 1018 2446 1157 2512; x_wconf 73' lang='lat' dir='ltr'><strong>litorum</strong></span> <span class='ocrx_word' id='word_1_156' title='bbox 1182 2448 1420 2538; x_wconf 79' lang='lat' dir='ltr'><strong>Epigrammata</strong></span> 
     </span>
     <span class='ocr_line' id='line_1_18' title="bbox 239 2549 899 2641; baseline -0.008 -21"><span class='ocrx_word' id='word_1_157' title='bbox 239 2554 375 2620; x_wconf 78' lang='grc' dir='ltr'><strong>Ακοῶοῐ.</strong></span> <span class='ocrx_word' id='word_1_158' title='bbox 405 2552 464 2619; x_wconf 80' lang='lat' dir='ltr'><strong>Gr.</strong></span> <span class='ocrx_word' id='word_1_159' title='bbox 490 2551 561 2617; x_wconf 80' lang='lat' dir='ltr'><strong>Vol.</strong></span> <span class='ocrx_word' id='word_1_160' title='bbox 584 2549 608 2616; x_wconf 91' lang='grc' dir='ltr'><strong>Ι.</strong></span> <span class='ocrx_word' id='word_1_161' title='bbox 630 2575 661 2641; x_wconf 88' lang='lat' dir='ltr'><strong>p.</strong></span> <span class='ocrx_word' id='word_1_162' title='bbox 685 2550 899 2619; x_wconf 76' lang='lat' dir='ltr'><strong>1841rc0ss.</strong></span> 
     </span>
     <span class='ocr_line' id='line_1_19' title="bbox 353 2653 1289 2739; baseline 0.001 -18"><span class='ocrx_word' id='word_1_163' title='bbox 353 2654 538 2739; x_wconf 71' lang='grc' dir='ltr'><em>Φωσφόρος,</em></span> <span class='ocrx_word' id='word_1_164' title='bbox 565 2653 585 2719; x_wconf 83' lang='grc' dir='ltr'><strong><em>ὦ</em></strong></span> <span class='ocrx_word' id='word_1_165' title='bbox 610 2659 739 2737; x_wconf 79' lang='grc' dir='ltr'><em>σῶοειρ’,</em></span> <span class='ocrx_word' id='word_1_166' title='bbox 765 2657 815 2721; x_wconf 75' lang='grc' dir='ltr'><strong>ἐπὶ</strong></span> <span class='ocrx_word' id='word_1_167' title='bbox 841 2653 1011 2729; x_wconf 77' lang='grc' dir='ltr'><em>Παλλοὶδος</em></span> <span class='ocrx_word' id='word_1_168' title='bbox 1036 2654 1143 2724; x_wconf 71' lang='lat' dir='ltr'><strong>isati</strong></span> <span class='ocrx_word' id='word_1_169' title='bbox 1166 2657 1289 2738; x_wconf 74' lang='grc' dir='ltr'><em>κλήρου.</em></span> 
     </span>
     <span class='ocr_line' id='line_1_20' title="bbox 240 2758 1419 2855; baseline 0 -25"><span class='ocrx_word' id='word_1_170' title='bbox 240 2766 307 2830; x_wconf 89' lang='lat' dir='ltr'><strong>imo</strong></span> <span class='ocrx_word' id='word_1_171' title='bbox 337 2761 434 2832; x_wconf 80' lang='grc' dir='ltr'><em>έςαέι.</em></span> <span class='ocrx_word' id='word_1_172' title='bbox 480 2758 619 2826; x_wconf 82' lang='lat' dir='ltr'><strong>Confusa</strong></span> <span class='ocrx_word' id='word_1_173' title='bbox 643 2773 717 2825; x_wconf 88' lang='lat' dir='ltr'><strong>sunt</strong></span> <span class='ocrx_word' id='word_1_174' title='bbox 738 2788 755 2838; x_wconf 78' lang='grc' dir='ltr'><em>ν</em></span> <span class='ocrx_word' id='word_1_175' title='bbox 778 2773 810 2827; x_wconf 92' lang='lat' dir='ltr'><strong>et</strong></span> <span class='ocrx_word' id='word_1_176' title='bbox 827 2787 855 2837; x_wconf 89' lang='grc' dir='ltr'><strong>ι,</strong></span> <span class='ocrx_word' id='word_1_177' title='bbox 890 2771 926 2825; x_wconf 92' lang='lat' dir='ltr'><strong>ut</strong></span> <span class='ocrx_word' id='word_1_178' title='bbox 956 2760 989 2826; x_wconf 93' lang='lat' dir='ltr'><strong>in</strong></span> <span class='ocrx_word' id='word_1_179' title='bbox 1015 2760 1251 2851; x_wconf 73' lang='lat' dir='ltr'><strong>Epigrammata</strong></span> <span class='ocrx_word' id='word_1_180' title='bbox 1277 2763 1364 2855; x_wconf 89' lang='lat' dir='ltr'><strong>qnod</strong></span> <span class='ocrx_word' id='word_1_181' title='bbox 1385 2763 1419 2830; x_wconf 91' lang='lat' dir='ltr'><strong>in</strong></span> 
     </span>
     <span class='ocr_line' id='line_1_21' title="bbox 244 2865 1418 2951; baseline 0 -14"><span class='ocrx_word' id='word_1_182' title='bbox 244 2869 358 2937; x_wconf 89' lang='lat' dir='ltr'><strong>eodem</strong></span> <span class='ocrx_word' id='word_1_183' title='bbox 386 2865 517 2933; x_wconf 92' lang='lat' dir='ltr'><strong>Scholio</strong></span> <span class='ocrx_word' id='word_1_184' title='bbox 545 2879 661 2947; x_wconf 84' lang='lat' dir='ltr'><strong>exstat,</strong></span> <span class='ocrx_word' id='word_1_185' title='bbox 695 2868 759 2947; x_wconf 77' lang='grc' dir='ltr'><strong>εἰμὶ</strong></span> <span class='ocrx_word' id='word_1_186' title='bbox 789 2869 884 2947; x_wconf 73' lang='grc' dir='ltr'><strong>ἐρῶ,Ι</strong></span> <span class='ocrx_word' id='word_1_187' title='bbox 903 2866 961 2932; x_wconf 92' lang='lat' dir='ltr'><strong>ubi</strong></span> <span class='ocrx_word' id='word_1_188' title='bbox 990 2866 1068 2933; x_wconf 89' lang='lat' dir='ltr'><strong>alibi</strong></span> <span class='ocrx_word' id='word_1_189' title='bbox 1095 2866 1220 2932; x_wconf 90' lang='lat' dir='ltr'><strong>ostendi</strong></span> <span class='ocrx_word' id='word_1_190' title='bbox 1239 2869 1265 2934; x_wconf 77' lang='grc' dir='ltr'><strong>εἷ</strong></span> <span class='ocrx_word' id='word_1_191' title='bbox 1288 2872 1332 2950; x_wconf 66' lang='grc' dir='ltr'><strong>μὴ</strong></span> <span class='ocrx_word' id='word_1_192' title='bbox 1356 2872 1418 2951; x_wconf 65' lang='lat' dir='ltr'><strong>aya</strong></span> 
     </span>
    </p>
   </div>
   <div class='ocr_carea' id='block_1_3' title="bbox 215 2973 1420 3151">
    <p class='ocr_par' dir='ltr' id='par_1_3' title="bbox 215 2973 1420 3151">
     <span class='ocr_line' id='line_1_22' title="bbox 242 2973 1420 3066; baseline -0.002 -22"><span class='ocrx_word' id='word_1_193' title='bbox 242 2975 477 3044; x_wconf 87' lang='lat' dir='ltr'><strong>emendandum</strong></span> <span class='ocrx_word' id='word_1_194' title='bbox 498 2998 573 3042; x_wconf 92' lang='lat' dir='ltr'><strong>esse.</strong></span> <span class='ocrx_word' id='word_1_195' title='bbox 623 2973 710 3060; x_wconf 80' lang='lat' dir='ltr'><strong>Quae</strong></span> <span class='ocrx_word' id='word_1_196' title='bbox 735 2975 768 3039; x_wconf 93' lang='lat' dir='ltr'><strong>in</strong></span> <span class='ocrx_word' id='word_1_197' title='bbox 794 2974 860 3039; x_wconf 86' lang='lat' dir='ltr'><strong>fine</strong></span> <span class='ocrx_word' id='word_1_198' title='bbox 882 2973 1000 3064; x_wconf 89' lang='lat' dir='ltr'><strong>legitur</strong></span> <span class='ocrx_word' id='word_1_199' title='bbox 1018 2973 1163 3039; x_wconf 88' lang='lat' dir='ltr'><strong>eiusdem</strong></span> <span class='ocrx_word' id='word_1_200' title='bbox 1183 2974 1420 3066; x_wconf 83' lang='lat' dir='ltr'><strong>epigrammatis</strong></span> 
     </span>
     <span class='ocr_line' id='line_1_23' title="bbox 215 3072 1419 3151; baseline -0.007 0"><span class='ocrx_word' id='word_1_201' title='bbox 215 3084 218 3090; x_wconf 79' lang='grc'><strong>’</strong></span> <span class='ocrx_word' id='word_1_202' title='bbox 244 3084 368 3151; x_wconf 81' lang='lat' dir='ltr'><strong>diversa</strong></span> <span class='ocrx_word' id='word_1_203' title='bbox 393 3080 514 3146; x_wconf 87' lang='lat' dir='ltr'><strong>forma:</strong></span> <span class='ocrx_word' id='word_1_204' title='bbox 1086 3074 1090 3082; x_wconf 75' lang='grc'>’</span> <span class='ocrx_word' id='word_1_205' title='bbox 1416 3072 1419 3077; x_wconf 68' lang='grc'><strong>’</strong></span> 
     </span>
    </p>
   </div>
   <div class='ocr_carea' id='block_1_4' title="bbox 244 3291 1482 4854">
    <p class='ocr_par' dir='ltr' id='par_1_4' title="bbox 244 3291 1097 3582">
     <span class='ocr_line' id='line_1_24' title="bbox 491 3291 1016 3372; baseline 0 -16"><span class='ocrx_word' id='word_1_206' title='bbox 491 3292 606 3369; x_wconf 78' lang='grc' dir='ltr'><em>ἐξώλης</em></span> <span class='ocrx_word' id='word_1_207' title='bbox 631 3291 677 3366; x_wconf 78' lang='lat' dir='ltr'><strong>sin</strong></span> <span class='ocrx_word' id='word_1_208' title='bbox 702 3294 883 3372; x_wconf 76' lang='grc' dir='ltr'><em>Κυψελιδῶν</em></span> <span class='ocrx_word' id='word_1_209' title='bbox 907 3291 1016 3369; x_wconf 78' lang='grc' dir='ltr'><em>γενεοέ.</em></span> 
     </span>
     <span class='ocr_line' id='line_1_25' title="bbox 244 3395 1012 3485; baseline -0.007 -19"><span class='ocrx_word' id='word_1_210' title='bbox 244 3401 289 3466; x_wconf 90' lang='lat' dir='ltr'><strong>ita</strong></span> <span class='ocrx_word' id='word_1_211' title='bbox 312 3397 391 3464; x_wconf 90' lang='lat' dir='ltr'><strong>mihi</strong></span> <span class='ocrx_word' id='word_1_212' title='bbox 415 3395 604 3485; x_wconf 86' lang='lat' dir='ltr'><strong>corrigenda</strong></span> <span class='ocrx_word' id='word_1_213' title='bbox 628 3395 754 3462; x_wconf 84' lang='lat' dir='ltr'><strong>videtur</strong></span> <span class='ocrx_word' id='word_1_214' title='bbox 777 3409 813 3461; x_wconf 88' lang='lat' dir='ltr'><strong>ut</strong></span> <span class='ocrx_word' id='word_1_215' title='bbox 837 3396 1012 3461; x_wconf 88' lang='lat' dir='ltr'><strong>scribatur:</strong></span> 
     </span>
     <span class='ocr_line' id='line_1_26' title="bbox 443 3497 1097 3582; baseline -0.003 -15"><span class='ocrx_word' id='word_1_216' title='bbox 443 3504 468 3567; x_wconf 83' lang='lat' dir='ltr'><strong>si</strong></span> <span class='ocrx_word' id='word_1_217' title='bbox 492 3502 536 3580; x_wconf 71' lang='grc' dir='ltr'><strong>μὴ</strong></span> <span class='ocrx_word' id='word_1_218' title='bbox 561 3502 654 3580; x_wconf 71' lang='grc' dir='ltr'><em>ἐμῶν,</em></span> <span class='ocrx_word' id='word_1_219' title='bbox 678 3497 775 3578; x_wconf 77' lang='grc' dir='ltr'><em>ὦναξ,</em></span> <span class='ocrx_word' id='word_1_220' title='bbox 801 3502 1007 3582; x_wconf 76' lang='grc' dir='ltr'><em>σαρχρῦσεος</em></span> <span class='ocrx_word' id='word_1_221' title='bbox 1030 3501 1097 3565; x_wconf 74' lang='lat' dir='ltr'><strong>stri.</strong></span> 
     </span>
    </p>

    <p class='ocr_par' dir='ltr' id='par_1_5' title="bbox 244 3603 1482 4641">
     <span class='ocr_line' id='line_1_27' title="bbox 250 3603 1424 3698; baseline -0.002 -22"><span class='ocrx_word' id='word_1_222' title='bbox 250 3609 354 3694; x_wconf 76' lang='lat' dir='ltr'><strong>Quam</strong></span> <span class='ocrx_word' id='word_1_223' title='bbox 371 3607 534 3698; x_wconf 77' lang='lat' dir='ltr'><strong>depravati</strong></span> <span class='ocrx_word' id='word_1_224' title='bbox 547 3619 578 3672; x_wconf 89' lang='lat' dir='ltr'><strong>et</strong></span> <span class='ocrx_word' id='word_1_225' title='bbox 595 3606 780 3697; x_wconf 89' lang='lat' dir='ltr'><strong>interpolati</strong></span> <span class='ocrx_word' id='word_1_226' title='bbox 797 3605 861 3671; x_wconf 87' lang='lat' dir='ltr'><strong>sint</strong></span> <span class='ocrx_word' id='word_1_227' title='bbox 872 3606 1037 3670; x_wconf 72' lang='lat' dir='ltr'><strong>Patronis</strong></span> <span class='ocrx_word' id='word_1_228' title='bbox 1048 3603 1182 3671; x_wconf 80' lang='lat' dir='ltr'><strong>Codices</strong></span> <span class='ocrx_word' id='word_1_229' title='bbox 1197 3606 1296 3671; x_wconf 88' lang='lat' dir='ltr'><strong>etiam</strong></span> <span class='ocrx_word' id='word_1_230' title='bbox 1310 3608 1424 3697; x_wconf 86' lang='lat' dir='ltr'><strong>optimi</strong></span> 
     </span>
     <span class='ocr_line' id='line_1_28' title="bbox 245 3710 1424 3802; baseline -0.002 -19"><span class='ocrx_word' id='word_1_231' title='bbox 245 3728 278 3783; x_wconf 86' lang='lat' dir='ltr'><strong>et</strong></span> <span class='ocrx_word' id='word_1_232' title='bbox 309 3714 471 3782; x_wconf 79' lang='lat' dir='ltr'><strong>veterrimi</strong></span> <span class='ocrx_word' id='word_1_233' title='bbox 500 3712 675 3802; x_wconf 89' lang='lat' dir='ltr'><strong>aliquando</strong></span> <span class='ocrx_word' id='word_1_234' title='bbox 705 3710 815 3777; x_wconf 90' lang='lat' dir='ltr'><strong>dedita</strong></span> <span class='ocrx_word' id='word_1_235' title='bbox 843 3734 938 3802; x_wconf 86' lang='lat' dir='ltr'><strong>opera</strong></span> <span class='ocrx_word' id='word_1_236' title='bbox 969 3710 1214 3777; x_wconf 80' lang='lat' dir='ltr'><strong>demonstrabo:</strong></span> <span class='ocrx_word' id='word_1_237' title='bbox 1248 3713 1281 3777; x_wconf 92' lang='lat' dir='ltr'><strong>in</strong></span> <span class='ocrx_word' id='word_1_238' title='bbox 1309 3714 1424 3781; x_wconf 85' lang='lat' dir='ltr'><strong>ricinia</strong></span> 
     </span>
     <span class='ocr_line' id='line_1_29' title="bbox 247 3817 1424 3909; baseline -0.003 -21"><span class='ocrx_word' id='word_1_239' title='bbox 247 3819 391 3900; x_wconf 91' lang='lat' dir='ltr'><strong>loci,·de</strong></span> <span class='ocrx_word' id='word_1_240' title='bbox 413 3843 477 3909; x_wconf 90' lang='lat' dir='ltr'><strong>quo</strong></span> <span class='ocrx_word' id='word_1_241' title='bbox 502 3819 655 3899; x_wconf 79' lang='lat' dir='ltr'><strong>diximus,</strong></span> <span class='ocrx_word' id='word_1_242' title='bbox 679 3817 773 3883; x_wconf 91' lang='lat' dir='ltr'><strong>huius</strong></span> <span class='ocrx_word' id='word_1_243' title='bbox 793 3817 839 3883; x_wconf 93' lang='lat' dir='ltr'><strong>rei</strong></span> <span class='ocrx_word' id='word_1_244' title='bbox 861 3818 983 3906; x_wconf 85' lang='lat' dir='ltr'><strong>insigne</strong></span> <span class='ocrx_word' id='word_1_245' title='bbox 1004 3817 1233 3883; x_wconf 91' lang='lat' dir='ltr'><strong>documentum</strong></span> <span class='ocrx_word' id='word_1_246' title='bbox 1255 3833 1318 3898; x_wconf 90' lang='lat' dir='ltr'><strong>est,</strong></span> <span class='ocrx_word' id='word_1_247' title='bbox 1336 3819 1424 3909; x_wconf 92' lang='lat' dir='ltr'><strong>quod</strong></span> 
     </span>
     <span class='ocr_line' id='line_1_30' title="bbox 248 3924 1424 4016; baseline -0.002 -23"><span class='ocrx_word' id='word_1_248' title='bbox 248 3928 352 3994; x_wconf 87' lang='lat' dir='ltr'><strong>obiter</strong></span> <span class='ocrx_word' id='word_1_249' title='bbox 372 3926 538 3992; x_wconf 88' lang='lat' dir='ltr'><strong>ostendere</strong></span> <span class='ocrx_word' id='word_1_250' title='bbox 557 3927 654 3991; x_wconf 86' lang='lat' dir='ltr'><strong>iurat.</strong></span> <span class='ocrx_word' id='word_1_251' title='bbox 678 3949 711 4016; x_wconf 87' lang='lat' dir='ltr'><strong>p.</strong></span> <span class='ocrx_word' id='word_1_252' title='bbox 732 3928 797 3990; x_wconf 88' lang='lat'><strong>236</strong></span> <span class='ocrx_word' id='word_1_253' title='bbox 817 3943 847 3990; x_wconf 83' lang='lat' dir='ltr'><strong>e.</strong></span> <span class='ocrx_word' id='word_1_254' title='bbox 869 3924 977 3990; x_wconf 87' lang='lat' dir='ltr'><strong>editur</strong></span> <span class='ocrx_word' id='word_1_255' title='bbox 997 3925 1099 4006; x_wconf 73' lang='grc' dir='ltr'><em>ρκτέον</em></span> <span class='ocrx_word' id='word_1_256' title='bbox 1118 3926 1176 4004; x_wconf 80' lang='grc' dir='ltr'><strong>μέν</strong></span> <span class='ocrx_word' id='word_1_257' title='bbox 1194 3924 1257 4007; x_wconf 77' lang='grc' dir='ltr'><em>γοέρ</em></span> <span class='ocrx_word' id='word_1_258' title='bbox 1279 3950 1324 3990; x_wconf 91' lang='grc' dir='ltr'><strong>σοι</strong></span> <span class='ocrx_word' id='word_1_259' title='bbox 1343 3950 1424 3991; x_wconf 79' lang='grc' dir='ltr'><em>οσαν-</em></span> 
     </span>
     <span class='ocr_line' id='line_1_31' title="bbox 246 4026 1423 4113; baseline -0.003 -13"><span class='ocrx_word' id='word_1_260' title='bbox 246 4036 299 4108; x_wconf 83' lang='grc' dir='ltr'><strong>τδς</strong></span> <span class='ocrx_word' id='word_1_261' title='bbox 331 4037 457 4113; x_wconf 83' lang='grc' dir='ltr'><em>μοῦλλον</em></span> <span class='ocrx_word' id='word_1_262' title='bbox 484 4030 578 4103; x_wconf 78' lang='grc' dir='ltr'><em>οὕτως</em></span> <span class='ocrx_word' id='word_1_263' title='bbox 610 4028 691 4103; x_wconf 61' lang='lat' dir='ltr'><strong>&amp;aaa</strong></span> <span class='ocrx_word' id='word_1_264' title='bbox 722 4028 781 4102; x_wconf 84' lang='grc' dir='ltr'><em>οἶός</em></span> <span class='ocrx_word' id='word_1_265' title='bbox 806 4055 842 4094; x_wconf 81' lang='grc' dir='ltr'><strong>τε</strong></span> <span class='ocrx_word' id='word_1_266' title='bbox 864 4026 905 4095; x_wconf 83' lang='grc' dir='ltr'><strong>εἶ.</strong></span> <span class='ocrx_word' id='word_1_267' title='bbox 935 4028 985 4094; x_wconf 77' lang='grc' dir='ltr'><em>ἵνα</em></span> <span class='ocrx_word' id='word_1_268' title='bbox 1010 4030 1041 4094; x_wconf 81' lang='grc' dir='ltr'><strong>δέ</strong></span> <span class='ocrx_word' id='word_1_269' title='bbox 1063 4030 1108 4107; x_wconf 69' lang='grc' dir='ltr'><strong>μὴ</strong></span> <span class='ocrx_word' id='word_1_270' title='bbox 1131 4030 1166 4093; x_wconf 77' lang='grc' dir='ltr'><strong>τὸ</strong></span> <span class='ocrx_word' id='word_1_271' title='bbox 1188 4036 1247 4093; x_wconf 79' lang='grc' dir='ltr'><strong>τῶν</strong></span> <span class='ocrx_word' id='word_1_272' title='bbox 1273 4033 1423 4112; x_wconf 75' lang='grc' dir='ltr'><em>κωμῳδῶν</em></span> 
     </span>
     <span class='ocr_line' id='line_1_32' title="bbox 244 4133 1424 4223; baseline -0.002 -21"><span class='ocrx_word' id='word_1_273' title='bbox 244 4139 391 4223; x_wconf 82' lang='grc' dir='ltr'><em>Φορτικδν</em></span> <span class='ocrx_word' id='word_1_274' title='bbox 418 4142 556 4218; x_wconf 77' lang='grc' dir='ltr'><em>οιρῶγμα</em></span> <span class='ocrx_word' id='word_1_275' title='bbox 583 4135 838 4219; x_wconf 68' lang='grc' dir='ltr'><em>ἀναγκαζώμεθα</em></span> <span class='ocrx_word' id='word_1_276' title='bbox 865 4143 962 4201; x_wconf 77' lang='grc' dir='ltr'><em>ποιεῖν</em></span> <span class='ocrx_word' id='word_1_277' title='bbox 986 4133 1245 4205; x_wconf 68' lang='grc' dir='ltr'><em>ἀνταποδιδόντες</em></span> <span class='ocrx_word' id='word_1_278' title='bbox 1271 4136 1424 4211; x_wconf 74' lang='grc' dir='ltr'><em>αλλήλοις</em></span> 
     </span>
     <span class='ocr_line' id='line_1_33' title="bbox 248 4237 1482 4331; baseline -0.002 -21"><span class='ocrx_word' id='word_1_279' title='bbox 248 4243 455 4321; x_wconf 77' lang='grc' dir='ltr'><em>εῦλαβήέντι.</em></span> <span class='ocrx_word' id='word_1_280' title='bbox 488 4241 627 4331; x_wconf 91' lang='lat' dir='ltr'><strong>optimus</strong></span> <span class='ocrx_word' id='word_1_281' title='bbox 647 4241 783 4329; x_wconf 90' lang='lat' dir='ltr'><strong>quisque</strong></span> <span class='ocrx_word' id='word_1_282' title='bbox 804 4239 912 4306; x_wconf 83' lang='lat' dir='ltr'><strong>Codex</strong></span> <span class='ocrx_word' id='word_1_283' title='bbox 936 4261 1010 4305; x_wconf 91' lang='lat' dir='ltr'><strong>cum</strong></span> <span class='ocrx_word' id='word_1_284' title='bbox 1030 4238 1146 4304; x_wconf 84' lang='lat' dir='ltr'><strong>eximio</strong></span> <span class='ocrx_word' id='word_1_285' title='bbox 1166 4239 1352 4306; x_wconf 66' lang='lat' dir='ltr'><strong>Bodleiano</strong></span> <span class='ocrx_word' id='word_1_286' title='bbox 1371 4264 1425 4307; x_wconf 81' lang='lat' dir='ltr'><strong>ex·</strong></span> <span class='ocrx_word' id='word_1_287' title='bbox 1475 4237 1482 4252; x_wconf 69' lang='lat'><em>⁶</em></span> 
     </span>
     <span class='ocr_line' id='line_1_34' title="bbox 248 4343 1425 4437; baseline -0.005 -22"><span class='ocrx_word' id='word_1_288' title='bbox 248 4349 342 4416; x_wconf 85' lang='lat' dir='ltr'><strong>hibet</strong></span> <span class='ocrx_word' id='word_1_289' title='bbox 371 4346 508 4427; x_wconf 77' lang='grc' dir='ltr'><em>ἵναμή,</em></span> <span class='ocrx_word' id='word_1_290' title='bbox 537 4369 603 4411; x_wconf 92' lang='lat' dir='ltr'><strong>non</strong></span> <span class='ocrx_word' id='word_1_291' title='bbox 623 4344 673 4411; x_wconf 74' lang='lat' dir='ltr'><strong>iva</strong></span> <span class='ocrx_word' id='word_1_292' title='bbox 698 4348 729 4411; x_wconf 78' lang='grc' dir='ltr'><strong>δέ</strong></span> <span class='ocrx_word' id='word_1_293' title='bbox 749 4348 805 4426; x_wconf 73' lang='grc' dir='ltr'><strong>μή.</strong></span> <span class='ocrx_word' id='word_1_294' title='bbox 830 4343 969 4437; x_wconf 86' lang='lat' dir='ltr'><strong>optime,</strong></span> <span class='ocrx_word' id='word_1_295' title='bbox 994 4346 1020 4412; x_wconf 85' lang='lat' dir='ltr'><strong>si</strong></span> <span class='ocrx_word' id='word_1_296' title='bbox 1042 4346 1262 4435; x_wconf 91' lang='lat' dir='ltr'><strong>importunum</strong></span> <span class='ocrx_word' id='word_1_297' title='bbox 1284 4346 1425 4425; x_wconf 75' lang='grc' dir='ltr'><em>εὐλαβή-</em></span> 
     </span>
     <span class='ocr_line' id='line_1_35' title="bbox 249 4449 1426 4543; baseline -0.003 -23"><span class='ocrx_word' id='word_1_298' title='bbox 249 4456 317 4531; x_wconf 78' lang='grc' dir='ltr'><em>ένσι</em></span> <span class='ocrx_word' id='word_1_299' title='bbox 337 4453 536 4543; x_wconf 88' lang='lat' dir='ltr'><strong>magistello‚</strong></span> <span class='ocrx_word' id='word_1_300' title='bbox 564 4451 620 4542; x_wconf 90' lang='lat' dir='ltr'><strong>qui</strong></span> <span class='ocrx_word' id='word_1_301' title='bbox 641 4451 823 4542; x_wconf 88' lang='lat' dir='ltr'><strong>adscripsit,</strong></span> <span class='ocrx_word' id='word_1_302' title='bbox 848 4452 1039 4530; x_wconf 89' lang='lat' dir='ltr'><strong>reddideris,</strong></span> <span class='ocrx_word' id='word_1_303' title='bbox 1052 4462 1094 4516; x_wconf 81' lang='lat' dir='ltr'><strong>ut</strong></span> <span class='ocrx_word' id='word_1_304' title='bbox 1113 4450 1163 4516; x_wconf 81' lang='grc' dir='ltr'><em>ἵνα</em></span> <span class='ocrx_word' id='word_1_305' title='bbox 1185 4453 1230 4530; x_wconf 77' lang='grc' dir='ltr'><strong>μή</strong></span> <span class='ocrx_word' id='word_1_306' title='bbox 1249 4449 1426 4540; x_wconf 78' lang='lat' dir='ltr'><strong>pendente</strong></span> 
     </span>
     <span class='ocr_line' id='line_1_36' title="bbox 249 4554 1259 4641; baseline -0.006 -15"><span class='ocrx_word' id='word_1_307' title='bbox 249 4559 354 4626; x_wconf 74' lang='lat' dir='ltr'><strong>serbis</strong></span> <span class='ocrx_word' id='word_1_308' title='bbox 377 4560 480 4641; x_wconf 78' lang='grc' dir='ltr'><em>ῥητέον</em></span> <span class='ocrx_word' id='word_1_309' title='bbox 503 4559 620 4631; x_wconf 79' lang='grc' dir='ltr'><em>παντὸς</em></span> <span class='ocrx_word' id='word_1_310' title='bbox 645 4562 785 4636; x_wconf 74' lang='grc' dir='ltr'><em>μᾶλλον,</em></span> <span class='ocrx_word' id='word_1_311' title='bbox 811 4558 865 4624; x_wconf 91' lang='lat' dir='ltr'><strong>sed</strong></span> <span class='ocrx_word' id='word_1_312' title='bbox 886 4559 924 4624; x_wconf 90' lang='lat' dir='ltr'><strong>ad</strong></span> <span class='ocrx_word' id='word_1_313' title='bbox 947 4557 1129 4622; x_wconf 79' lang='lat' dir='ltr'><strong>Luctanutt</strong></span> <span class='ocrx_word' id='word_1_314' title='bbox 1154 4554 1259 4620; x_wconf 69' lang='lat' dir='ltr'><strong>redeo,</strong></span> 
     </span>
    </p>

    <p class='ocr_par' dir='ltr' id='par_1_6' title="bbox 249 4662 1426 4854">
     <span class='ocr_line' id='line_1_37' title="bbox 296 4662 1426 4752; baseline -0.004 -21"><span class='ocrx_word' id='word_1_315' title='bbox 296 4665 336 4731; x_wconf 94' lang='lat' dir='ltr'><strong>In</strong></span> <span class='ocrx_word' id='word_1_316' title='bbox 367 4668 460 4752; x_wconf 87' lang='lat'>§16.</span> <span class='ocrx_word' id='word_1_317' title='bbox 489 4664 615 4730; x_wconf 88' lang='lat' dir='ltr'><strong>soloece</strong></span> <span class='ocrx_word' id='word_1_318' title='bbox 644 4663 752 4730; x_wconf 91' lang='lat' dir='ltr'><strong>editur</strong></span> <span class='ocrx_word' id='word_1_319' title='bbox 780 4663 857 4746; x_wconf 82' lang='grc' dir='ltr'><em>Φέρε</em></span> <span class='ocrx_word' id='word_1_320' title='bbox 886 4662 1149 4740; x_wconf 72' lang='grc' dir='ltr'><em>ῶσολονιὶσομαι,</em></span> <span class='ocrx_word' id='word_1_321' title='bbox 1185 4671 1272 4727; x_wconf 91' lang='lat' dir='ltr'><strong>recte</strong></span> <span class='ocrx_word' id='word_1_322' title='bbox 1304 4662 1366 4737; x_wconf 88' lang='lat'><strong>59,</strong></span> <span class='ocrx_word' id='word_1_323' title='bbox 1396 4662 1426 4727; x_wconf 88' lang='lat'><strong>6.</strong></span> 
     </span>
     <span class='ocr_line' id='line_1_38' title="bbox 249 4762 1425 4854; baseline -0.004 -17"><span class='ocrx_word' id='word_1_324' title='bbox 249 4771 328 4854; x_wconf 81' lang='grc' dir='ltr'><em>Φέρε</em></span> <span class='ocrx_word' id='word_1_325' title='bbox 356 4771 539 4852; x_wconf 76' lang='grc' dir='ltr'><em>διέλθωμεν,</em></span> <span class='ocrx_word' id='word_1_326' title='bbox 575 4782 645 4838; x_wconf 90' lang='lat' dir='ltr'><strong>tum</strong></span> <span class='ocrx_word' id='word_1_327' title='bbox 678 4768 785 4839; x_wconf 81' lang='grc' dir='ltr'><em>έκαςοι</em></span> <span class='ocrx_word' id='word_1_328' title='bbox 813 4769 886 4841; x_wconf 79' lang='grc' dir='ltr'><em>τοὺς</em></span> <span class='ocrx_word' id='word_1_329' title='bbox 918 4766 991 4834; x_wconf 77' lang='grc' dir='ltr'><strong>τότε</strong></span> <span class='ocrx_word' id='word_1_330' title='bbox 1027 4768 1186 4836; x_wconf 89' lang='lat' dir='ltr'><strong>coalescat</strong></span> <span class='ocrx_word' id='word_1_331' title='bbox 1219 4767 1261 4832; x_wconf 50' lang='lat' dir='ltr'><strong>in*</strong></span> <span class='ocrx_word' id='word_1_332' title='bbox 1282 4762 1425 4834; x_wconf 76' lang='grc' dir='ltr'><strong>ἕκῶςοτε.</strong></span> 
     </span>
    </p>
   </div>
   <div class='ocr_carea' id='block_1_5' title="bbox 0 0 1675 5750">
    <p class='ocr_par' dir='ltr' id='par_1_7' title="bbox 0 0 1675 5750">
     <span class='ocr_line' id='line_1_39' title="bbox 0 0 1675 5750; baseline 0 0"><span class='ocrx_word' id='word_1_333' title='bbox 0 0 1675 5750; x_wconf 95' lang='lat' dir='ltr'><strong> </strong></span> 
     </span>
    </p>
   </div>
  </div>
 </body>
</html>
