3309 5750
852 590 917 653 304

305 793 401 863 oredo
432 811 542 857 sanum
569 811 636 855 esse
665 788 773 853 locum
806 782 1041 850 Xrnornonrrs
1070 783 1113 851 de
1135 807 1174 851 re
1200 784 1380 875 Equestri
1396 787 1434 865 7,
1455 789 1482 852 2.

306 897 515 981 ὑτερβηοοίτω
551 894 607 968 τήν
636 894 773 975 κνήμην,
804 889 861 955 sed
889 889 1139 971 ὑτερβιβατθτο
1165 890 1409 981 reponendum.
1453 890 1484 957 Si

308 1004 380 1098 quis
405 1003 503 1094 igitur
523 999 686 1077 ἐπιβήσειν
705 996 784 1061 dicit
802 1018 862 1085 pro
880 995 1035 1073 ε’τιβιβοῖν
1056 995 1106 1061 vel
1125 996 1354 1075 ἕτιβιβοίτειν,
1381 1019 1482 1064 nonne

307 1111 371 1178 hoo
400 1122 467 1188 est,
504 1117 541 1171 ut
567 1102 766 1168 festivissime
791 1100 956 1165 Brnorrx
975 1097 1073 1180 dixit,
1096 1103 1134 1175 ὥς
1163 1102 1214 1166 ἐτ’
1243 1102 1482 1181 Ἀγαμέμνονος

310 1210 538 1294 διαλέγεσθαί
588 1207 739 1274 Eiusdem
767 1206 891 1297 generis
919 1216 992 1269 sunt
1013 1206 1123 1284 βιοτῆς
1152 1209 1214 1285 66,
1240 1211 1294 1273 44.
1321 1232 1385 1297 pro
1403 1210 1486 1290 βίον,

310 1318 420 1402 βροτθς
455 1319 516 1395 14,
546 1319 565 1380 6
585 1337 644 1405 pro
665 1313 791 1399 θνητίς,
814 1325 847 1378 et
865 1310 975 1394 Φθιτθς
997 1317 1033 1390 8,
1058 1315 1122 1392 26,
1146 1316 1166 1376 2
1185 1334 1246 1403 pro
1268 1312 1403 1395 νεκρός,
1425 1338 1486 1397 τερ·

309 1424 417 1498 τωλήν
450 1424 510 1500 46,
546 1424 587 1485 16
617 1441 674 1511 pro
701 1418 823 1498 ήδονήν,
857 1416 893 1481 τὸ
926 1415 1123 1499 μετάφρενον
1150 1421 1211 1499 67,
1246 1421 1282 1498 4,
1319 1421 1341 1482 2
1370 1442 1433 1509 pro
1453 1422 1483 1487 τὸ

312 1535 421 1610 νῶτον,
450 1526 534 1610 οὐδόν
567 1530 628 1604 73,
655 1528 696 1590 49
716 1547 776 1614 pro
805 1522 887 1606 θδίν,
909 1522 1051 1603 φρήτρας
1074 1527 1134 1603 52,
1158 1528 1202 1589 24
1221 1548 1283 1616 pro
1305 1524 1482 1609 Φρατρίιις,

312 1647 345 1702 et
372 1633 491 1714 Μίθρης
524 1636 584 1711 74,
618 1636 638 1696 8
667 1654 728 1721 pro
757 1628 899 1711 Μίθραρ,
932 1628 1010 1712 ι’δμή
1044 1631 1105 1710 24,
1129 1635 1159 1710 2,
1187 1634 1250 1710 37,
1273 1634 1334 1699 66.
1364 1634 1483 1711 75,16

312 1763 371 1832 pro
399 1741 498 1821 θοροή,
535 1739 645 1815 γήθους
674 1740 733 1814 38,
759 1737 791 1801 9.
821 1754 881 1824 pro
908 1735 1034 1813 χαραῖς,
1068 1736 1242 1816 εὐποτμίαν
1276 1741 1340 1815 47,
1370 1740 1413 1803 27
1432 1759 1483 1829 pro

312 1841 487 1923 εὐτυχίαν,
520 1844 555 1907 τὸ
587 1851 701 1924 χρῆμα
734 1844 793 1921 46,
825 1844 867 1905 13
893 1861 955 1928 pro
982 1840 1018 1904 τὸ
1046 1844 1201 1923 τριῖγροα,
1226 1843 1349 1925 λέχους
1372 1847 1484 1925 8,17ν

314 1952 330 2014 1
362 1971 422 2039 pro
449 1947 580 2023 κλίνης,
615 1949 748 2026 μήκιται
783 1952 818 2024 l,
852 1948 890 2009 17
920 1965 979 2032 pro
1007 1946 1225 2027 μακρόταται,
1259 1949 1396 2019 οἵατιςον
1426 1952 1483 2032 49,

188 2129 192 2138 ¹
316 2058 352 2119 11
385 2074 445 2143 pro
474 2052 683 2134 οἰκτρότατον,
715 2050 872 2133 σνχνοίκις
903 2062 937 2115 et
966 2050 1134 2125 σπανιάκις
1169 2066 1202 2119 et
1228 2058 1332 2122 exerti
1354 2057 1483 2148 saepius,

313 2155 462 2238 διαροτοίξ
486 2160 546 2243 10,
566 2161 619 2237 27,
642 2161 661 2221 4
683 2169 714 2222 et
738 2155 887 2237 μητρόθεν
908 2156 962 2234 27,
986 2159 1023 2220 11
1045 2179 1103 2246 pro
1124 2160 1196 2241 πρὸς
1216 2160 1349 2243 μητρθς.
1401 2150 1483 2229 Eiits·

315 2261 479 2330 demmodi
509 2276 583 2329 sunt
612 2262 761 2330 adverbia
792 2261 900 2327 νειίθεν
931 2264 988 2338 68,
1014 2264 1054 2340 7,
1083 2262 1222 2343 τοὶροταν
1253 2273 1291 2346 5,
1326 2265 1377 2347 3,
1398 2269 1484 2342 ὠκέας

317 2376 374 2451 33,
399 2373 457 2447 19,
489 2368 628 2451 λαθρηδοί
656 2371 718 2448 59,
740 2369 799 2446 21,
831 2368 924 2445 νήθει
951 2370 1081 2444 46,14.
1112 2380 1144 2433 et
1174 2368 1289 2452 ἔνερθεν
1318 2376 1484 2454 9,14,3·

315 2482 374 2557 51,
397 2482 426 2543 4.
450 2475 546 2556 νέρθεν
567 2481 629 2556 54,
648 2479 687 2540 2:
722 2474 826 2539 obiter
848 2473 1019 2538 Hnsrcmo
1043 2473 1140 2539 redde
1161 2474 1291 2557 ἔνερθενι
1322 2480 1414 2546 αοίτα
1436 2503 1485 2572 pro

315 2581 422 2664 ἔνερον.
474 2580 551 2664 Quis
581 2604 733 2672 umquem
767 2577 945 2644 Atticorum
966 2578 1093 2643 dixisset
1116 2579 1226 2661 ῥύομαι
1247 2605 1309 2672 pro
1326 2586 1485 2668 ἐλευθερῶ,

315 2687 418 2769 οίιζιο,
453 2697 490 2750 ut
517 2691 575 2768 42,
596 2693 650 2753 33.
680 2686 756 2761 ἔτλη
781 2688 841 2763 60,
861 2687 901 2749 21
930 2706 990 2774 pro
1010 2684 1180 2766 ήνέοχετο,
1206 2688 1354 2772 ματίζειν
1384 2698 1405 2759 5
1416 2696 1489 2771 ,te

317 2794 375 2871 40,
397 2794 440 2855 24
469 2815 529 2882 pro
557 2798 731 2871 μαςινοῦν,
755 2790 914 2873 ααφθοοω
946 2794 1044 2869 5,17
1069 2813 1130 2882 pro
1154 2792 1376 2876 ἐμφοροῦμαι,
1403 2797 1487 2863 ίτνίιι

323 2900 374 2974 17,
397 2900 448 2962 41.
473 2901 608 2976 35,12.
635 2899 755 2975 45,19
784 2917 844 2986 pro
874 2895 1113 2974 οιιηρίηνοριαι,
1138 2897 1294 2977 ἐριδαίνειν
1321 2906 1379 2995 15,
1400 2905 1491 2994 6‘pro

317 3001 440 3083 ἐρίζειν,
466 3000 657 3083 ἕμοίρροαιρεν
679 3005 732 3081 67,
754 3004 811 3080 13,
833 3005 932 3090 3pro
954 2999 1116 3080 ἔλαμπεν,
1139 3003 1288 3082 δαίννμαι
1311 3011 1373 3087 44,
1393 3011 1415 3073 6
1439 3031 1489 3100 pro

316 3106 515 3185 εὐωχοῦμαι,
540 3107 789 3188 οίτοδειροτοροεῖν
819 3108 880 3184 67,
903 3109 959 3184 13,
982 3109 1002 3170 3
1021 3128 1081 3196 pro
1101 3107 1157 3181 τήν
1182 3111 1328 3191 κεφαλήν
1353 3114 1492 3195 οέτοτίρ·

317 3234 392 3285 νειν,
417 3213 647 3278 οίτοδιιττετεῖν
669 3214 727 3290 20,
739 3218 768 3278 5.
795 3216 885 3291 51,3
902 3234 960 3302 pro
978 3213 1206 3294 οίταηορειίειν,
1230 3227 1285 3280 aut
1301 3227 1490 3302 οιιναραρνία

317 3319 377 3395 22,
399 3321 420 3383 8
440 3339 498 3408 pro
518 3326 722 3394 σονετηκνῖα,
747 3316 1016 3397 σοντετανροένηῖ
1070 3318 1192 3384 Eodem
1223 3334 1297 3387 sunt
1329 3324 1491 3392 referenda

318 3419 468 3500 nomina,
493 3423 600 3513 qualia
621 3434 694 3488 sunt
712 3423 818 3498 οίαιοκή
845 3426 901 3503 10,
922 3426 976 3502 27,
997 3426 1015 3488 4
1039 3447 1099 3515 pro
1120 3425 1206 3499 οΞιιίς,
1232 3429 1353 3504 τληθιίς
1381 3433 1491 3511 12,15

319 3551 378 3618 pro
407 3529 543 3603 πλῆθος,
568 3528 685 3612 ζεύγλη
717 3531 756 3607 9,
778 3531 858 3607 6,2
886 3550 945 3618 pro
975 3529 1082 3614 ζυγόν,
1111 3528 1247 3606 ἱττίτης
1282 3536 1343 3613 41,
1366 3538 1410 3600 47
1439 3558 1494 3627 pro

320 3634 451 3713 ίττειίς,
481 3645 512 3697 et
540 3631 724 3698 οίιιαταδνίν
753 3635 810 3712 10,
829 3638 890 3710 25,
911 3636 930 3696 2
951 3655 1012 3722 pro
1034 3632 1196 3717 μαλακόν,
1221 3636 1348 3712 τινντίς
1383 3644 1448 3721 33,
1469 3646 1496 3708 4.

323 3743 426 3818 54,8
456 3763 516 3831 pro
543 3737 687 3816 οιννετθς,
718 3737 899 3811 οίτοίοθαλος
933 3743 1030 3818 12,3
1060 3761 1120 3829 pro
1151 3739 1299 3822 ὑβριςής,
1333 3745 1495 3829 ἀγέρωχορ

326 3851 384 3925 42,
408 3850 450 3911 40
471 3846 584 3920 eodem
606 3844 673 3909 fere
694 3867 787 3908 sensu
799 3847 980 3934 petulans,
992 3853 1187 3934 protervus.
1232 3846 1335 3931 Quern
1358 3852 1496 3919 risissent

325 3963 447 4016 veteres
469 3950 562 4016 Iones
583 3950 608 4014 si
630 3947 841 4027 audivissent,
865 3949 1041 4038 quoditlio
1066 3949 1200 4031 dieitur,
1223 3955 1390 4038 ἀγέρωχον
1415 3959 1496 4036 ὅνον,

326 4055 414 4148 quod
444 4056 519 4120 olim
547 4052 747 4143 significabat
767 4053 910 4135 οίφνειθν,
932 4055 1164 4135 τολιιτοίροονα,
1188 4060 1355 4138 τλοιίτιον,
1382 4065 1435 4130 vel
1454 4064 1498 4131 ἕν-

325 4185 416 4241 τιροον
442 4160 494 4225 καί
521 4159 611 4238 μέγα
638 4163 830 4241 φρονοῦνται
854 4171 886 4224 ιιι
907 4159 1084 4249 sequiores,
1104 4165 1160 4253 qui
1180 4187 1246 4229 non
1259 4220 1260 4223 ,
1274 4167 1499 4238 intellexerant

327 4271 416 4336 looos
435 4264 634 4344 Homericos,
650 4263 697 4359 ita
718 4278 907 4332 reooxerunt
927 4279 962 4333 ut
981 4291 1040 4358 pro
1061 4269 1196 4345 αὐθάδης
1222 4271 1274 4336 καί
1298 4274 1430 4356 ὑβριςής
1452 4278 1500 4344 di-

329 4385 438 4442 cerent
456 4370 629 4450 οίρὲροχον,
652 4383 683 4436 et
703 4368 815 4436 eodem
833 4371 930 4438 modo
947 4374 1047 4438 multa
1067 4373 1220 4439 vocabula
1239 4378 1372 4468 entique
1390 4396 1424 4448 et
1442 4383 1500 4449 ob·

330 4483 487 4551 solete'er
509 4477 652 4542 affectata
673 4478 871 4545 eruditorum
892 4480 1033 4545 dictione
1050 4479 1084 4542 in
1107 4501 1286 4547 sermonem
1304 4489 1422 4577 populi
1441 4491 1501 4558 ite·

221 4575 222 4580 ί
329 4612 400 4659 rum
420 4595 546 4674 recepta
569 4596 656 4664 sunt,
680 4583 734 4650 sed
753 4585 867 4677 populi
885 4585 992 4651 effoeti
1012 4583 1257 4675 etndesipientis

376 4692 459 4760 Sunt
492 4690 603 4757 eontra
630 4690 786 4782 quaedem
816 4692 973 4762 vocabule
1000 4703 1033 4759 et
1052 4693 1282 4764 vocabulorum
1304 4698 1449 4784 formae,
1470 4703 1506 4769 in
