3309 5750
730 655 791 719 157

166 823 267 910 μένοις
295 830 425 893 erutum
448 825 600 911 oportuit.
648 825 732 907 Quid
757 826 858 893 iacias
875 824 1024 903 scribis,
1046 826 1102 911 qni
1127 826 1179 895 rel.
1200 828 1232 893 io
1256 822 1353 890 dett·

169 929 225 997 θυι
245 950 290 997 vs
316 934 414 997 1445.
843 944 845 948 ·
1014 947 1019 962 ’
1076 987 1081 993 .
1127 991 1129 996 .

279 1036 333 1103 αα)
357 1037 419 1116 μην
442 1034 514 1110 θσως
537 1039 592 1103 οὐκ
613 1035 745 1119 ἀχθέσει
767 1037 872 1102 παθὼν
894 1032 918 1102 ἃ
941 1040 992 1101 νῦν
1016 1034 1193 1115 πέπονθας,
1254 1105 1256 1110 ,

168 1159 232 1206 non
252 1139 444 1208 dubitarunt
463 1159 560 1207 suum
583 1142 709 1226 θχθιὶσρ
726 1139 948 1207 substituere?
972 1139 1088 1206 lisdem
1110 1140 1186 1207 solis
1198 1141 1357 1214 debentur

165 1243 287 1313 formae
299 1245 459 1332 longiores
477 1247 706 1325 πιμηθησσμαι,
729 1247 987 1330 ιθφεληθησομαι,
998 1244 1241 1327 ζημιωθήσομαι,
1262 1250 1360 1317 aliae.

166 1369 229 1437 que
252 1351 375 1418 similes
405 1369 463 1436 pro
495 1350 695 1417 brevioribus
717 1353 914 1430 τιμησομαι,
945 1353 1173 1434 θφολησομαι,
1208 1352 1356 1435 ζημιθσο·

169 1478 255 1537 μαι,
274 1455 435 1523 similibus
448 1503 457 1531 ,
469 1454 588 1540 quibus
605 1454 759 1541 antiquus
781 1475 888 1523 sermo
903 1456 1039 1523 θουοσνο
1056 1456 1217 1534 iubebatur.
1241 1458 1278 1524 ln
1297 1459 1359 1526 ¹Eu·

167 1580 279 1627 meinis
300 1559 518 1649 pulcherrimo
545 1558 633 1638 loco,
656 1579 752 1646 quem
779 1560 938 1628 bremens
969 1560 1003 1625 in
1026 1560 1194 1630 Leocrcten
1218 1564 1359 1631 servarit
1395 1622 1399 1628 .

164 1664 192 1754 S
211 1671 297 1745 100,
319 1664 446 1761 codices
462 1662 593 1750 quidam
617 1663 775 1732 dederunt
799 1683 846 1732 vs.
864 1670 907 1732 48
928 1687 976 1753 sq.

394 1770 563 1849 Εὔμολπος
585 1771 658 1837 obes·
674 1769 763 1856 Θρᾲξ
783 1769 956 1852 ἀνατρέψει
978 1774 1056 1848 λειθς

397 1873 579 1959 ςεφιθνοισι,
602 1876 740 1951 Παλλὰς
761 1876 797 1942 δ’,
811 1876 947 1955 οὐδαμοῦ
970 1880 1189 1958 τιμηθήσεται.

169 2000 229 2069 pro
249 1979 405 2062 οἰνος-ἕψει
428 1988 461 2045 et
483 1984 662 2060 τιμήσεται.
711 1980 814 2066 Fraus
835 1982 868 2047 in
893 1984 996 2068 poetis
1019 1982 1360 2072 deprehensamque

129 2159 134 2165 ,
169 2085 264 2173 argui
295 2084 388 2167 debet
411 2092 444 2151 et
458 2086 557 2172 „qnod
585 2087 737 2162 vitiosum
762 2094 984 2155 constatesse
1007 2098 1096 2156 certa
1110 2090 1360 2177 ubiquemedi·

171 2193 245 2260 cina
262 2190 391 2266 senari,
411 2191 527 2277 inqua
551 2211 586 2258 re
608 2192 905 2278 antiquioresiibri
926 2213 1021 2280 saepe
1044 2193 1360 2264 emendantem-cotr-

172 2295 352 2365 sumebnnt
372 2296 598 2383 optionemque
618 2296 745 2363 facilem
769 2297 908 2374 reddent.
923 2307 957 2379 et
974 2306 1110 2366 certam.
1140 2358 1143 2363 .
1171 2351 1173 2356 .

175 2423 186 2450 -’
215 2400 279 2486 Qui
302 2399 568 2468 consuetudinem
591 2409 737 2468 ueterum
763 2421 782 2471 a
813 2404 1030 2469 recentiorum
1055 2401 1203 2471 sordibus
1226 2402 1360 2490 diligen·

172 2507 225 2575 ier
237 2504 431 2573 *discernere
450 2504 545 2592 longo
564 2526 626 2572 usu
649 2514 881 2585 assueverunt,
905 2514 1057 2594 poterunt
1077 2508 1238 2593 expiscari
1249 2528 1360 2576 uerum

170 2610 341 2680 lectionem
366 2612 405 2676 in·
423 2611 492 2677 icco
515 2611 716 2697 ineptissime
737 2610 911 2699 depravato
930 2615 995 2691 67,
1009 2616 1051 2691 2,
1066 2619 1095 2678 l.
1119 2612 1176 2679 ubi
1199 2612 1304 2699 puelia
1318 2613 1360 2681 ad
1444 2602 1451 2613 ’

171 2722 371 2784 amatorem:
392 2722 483 2783 τοῦτο
506 2722 584 2795 γοῦν
605 2717 658 2783 eei
682 2716 774 2795 μθνον
796 2716 988 2800 ἕπριθμην
1006 2722 1061 2783 τοῦ
1087 2722 1143 2783 σοῦ
1161 2716 1289 2801 ἔρωτος,
1312 2715 1360 2787 ὅτι

172 2846 226 2903 μοι
247 2820 441 2899 τηλικαύτην
465 2822 638 2898 πεποίηκας
661 2824 717 2900 την
738 2822 863 2907 ymbe
885 2823 951 2890 νιπθ.
997 2820 1112 2899 Nemo,
1139 2823 1195 2910 qui
1221 2823 1270 2891 vel
1290 2844 1362 2893 me-

170 2927 325 2995 diocriter
340 2930 374 2994 in
397 2929 523 2997 &cecis
535 2936 681 2996 versatus
699 2936 760 3009 est,
777 2937 957 3017 concoquat
978 2927 1303 3018 ιριιυιιιοθοθπριθμην
1314 2931 1361 3000 ita

173 3032 239 3103 dici
268 3034 377 3122 possit.
402 3034 543 3102 Verbum
568 3037 706 3101 ὠνεῖσθαι
728 3034 813 3123 apud
834 3043 959 3102 veteres
980 3033 1077 3101 babet
1095 3035 1255 3103 aoristum
1272 3039 1362 3121 πρθιι·

173 3139 244 3233 σθαι
262 3146 351 3206 certu
365 3147 585 3227 perpetuoque
599 3158 680 3220 usu,
702 3160 721 3207 a
744 3159 808 3227 quo
829 3156 926 3208 nemo
945 3159 1097 3226 umquam
1116 3139 1263 3208 descivit.
1308 3143 1360 3209 in·

173 3245 291 3332 spiciet
310 3244 392 3310 mibi
411 3244 529 3331 uliquis
554 3245 665 3312 Lrsnr
689 3245 868 3312 oraticnem
889 3244 999 3321 XXII,
1023 3243 1146 3312 videbit
1164 3250 1360 3314 συνωνεῖσθαι

173 3356 207 3417 et
228 3350 441 3432 scorpionem
464 3350 583 3435 passim
608 3351 671 3418 sibi
687 3352 773 3417 inter
791 3370 826 3416 se
846 3346 1059 3435 respondere,
1084 3358 1121 3415 ut
1140 3351 1261 3416 aoristo
1271 3371 1361 3437 prec-

175 3474 258 3522 senS.
294 3453 363 3544 36.
386 3456 402 3522 θ
428 3455 518 3534 νθμος
547 3455 738 3538 ἀπαγορεύει
759 3454 879 3534 μηδένα
899 3454 1093 3520 συνωνεῖσθαι
1116 3461 1149 3520 et
1173 3454 1199 3543 §
1220 3461 1249 3521 7.
1273 3453 1361 3533 οὗτος

173 3560 412 3641 perterrere
433 3561 668 3643 συμπρίασθαι,
706 3568 719 3631 θ
747 3559 779 3626 δὲ
811 3557 901 3638 νθμος
931 3557 1134 3640 ἀπαγορεύων
1154 3558 1304 3643 φαθνεπαι
1326 3571 1361 3629 et

174 3665 221 3732 sic
249 3673 437 3733 constanter
470 3674 596 3732 veteres
629 3682 742 3732 omnes
758 3663 962 3750 ioqbuntur.
1010 3664 1226 3731 decentiores.
1252 3667 1363 3734 eruere·

173 3777 351 3859 coeperunt
370 3769 553 3850 ἐωνησιθμην
581 3769 799 3850 υῑύθνησιθμην
823 3768 949 3847 dicere,
972 3768 1050 3836 binc
1074 3770 1107 3834 in
1127 3768 1364 3849 iibrissdttieir·

175 3888 280 3944 tumme
310 3877 549 3963 permiscentur
580 3883 612 3942 et
640 3874 886 3943 confunduntur
915 3874 1069 3956 ἐπριθμην
1102 3883 1136 3941 et
1168 3877 1361 3959 ε’ωνησυθμην.

175 3982 343 4070 Scriptum
382 3980 533 4068 frequens
570 3981 602 4046 in
636 3980 727 4047 libris
757 3982 909 4063 ἑπριῖιτο,
945 3983 1093 4063 πριοῖσθαι
1128 4001 1209 4047 novo
1240 3983 1361 4051 indicio

175 4096 247 4166 est,
269 4106 367 4174 quam
401 4087 505 4173 ignari
530 4085 645 4153 berum
676 4085 852 4153 formarum
884 4086 1032 4154 Graeculi
1068 4085 1198 4154 inerint.
1252 4087 1364 4175 itaque
1492 4161 1495 4165 ,

176 4191 341 4273 θνησοθμην
365 4199 397 4277 et
421 4191 576 4274 intercipere
603 4199 732 4258 mutant
751 4190 879 4266 iocum..
904 4190 1069 4271 θνησιθμην
1088 4199 1197 4259 eutem
1228 4192 1368 4264 subinde

176 4298 261 4387 apud
283 4318 356 4377 eos,
376 4298 431 4384 qui
455 4297 537 4364 nihil
558 4297 725 4383 cogitant,
749 4296 895 4383 subrepit
914 4317 972 4382 pm
994 4297 1137 4375 ὠνάμην,
1162 4296 1248 4384 quod
1263 4306 1296 4365 et
1319 4301 1365 4387 ip·

176 4415 247 4471 sum
272 4401 642 4479 amiseranttireecuii,
666 4402 722 4489 qui
741 4401 791 4469 vel
814 4399 982 4480 θνασθμην
1001 4401 1112 4467 eodem
1133 4420 1231 4467 sensu
1253 4423 1363 4491 coepe·

174 4518 252 4578 runt
268 4509 394 4588 dicere,
409 4517 445 4574 nt
457 4509 656 4575 brosconmes
669 4509 701 4573 iu
722 4506 849 4573 Αινθθιοθ.
867 4506 973 4572 Graec.
988 4505 1102 4572 lucens
1122 4506 1189 4573 Vol.
1202 4507 1226 4573 1.
1249 4528 1277 4595 p.
1297 4512 1357 4581 eet

295 4652 298 4659 ·
334 4615 432 4683 Πέντε
456 4614 547 4696 κθρας
572 4613 625 4680 καὶ
650 4613 743 4681 πέντε
767 4614 824 4679 Bria
849 4611 1003 4690 Διθθμωνι
1028 4617 1163 4679 τεκοῦσα,
1261 4667 1265 4673 .

279 4780 282 4786 ,
408 4717 539 4801 ἄρσενας
564 4719 629 4795 οὐδὲ
653 4723 729 4800 μιῖις
753 4719 814 4786 οὐδ’
839 4718 901 4791 ἑνὸς
926 4714 1076 4784 ὠνθσατο.
1202 4805 1207 4809 ἡ
