3309 5750
841 645 906 708 338

287 840 533 921 Ὀλυμπιονίκης
566 838 726 917 ἐποίταξεν
759 839 855 903 αὐτὸν
885 838 939 902 καί
969 838 994 902 οί
1018 836 1171 919 ταρθντες
1196 840 1403 918 ἠγανάκτουν
1426 846 1459 917 tu

287 950 381 1021 αὐτὸς
403 946 514 1019 ἕκαςος
543 945 788 1024 τετυπτημένος.
826 942 993 1010 Αύίοοῑίιο
1016 953 1132 1009 tamen
1142 944 1225 1010 hinc
1245 946 1391 1013 formato
1410 949 1458 1014 dt·

287 1052 343 1119 tici
372 1051 554 1117 utebantur.
595 1049 835 1115 Danosrurtnts
865 1074 896 1141 p.
927 1052 1029 1128 1271,
1055 1054 1088 1116 5.
1121 1052 1155 1114 ού
1188 1052 1371 1128 τυπτητέοι
1403 1054 1459 1119 οὐδὲ

286 1158 421 1239 ὑβριςέοι
446 1158 542 1233 δήπου
566 1155 673 1234 ἐσμέν.
707 1153 925 1221 Seuerianus
948 1151 988 1219 ad
1011 1150 1220 1220 Saaraanurr
1248 1158 1459 1231 τετυπτῆσθιιι

285 1286 323 1329 οι
345 1261 568 1328 Dauosrusna
590 1263 679 1326 affert
698 1284 729 1350 p.
742 1265 846 1339 1255,
865 1258 952 1350 quod
972 1259 1005 1323 in
1022 1257 1156 1324 Lanarn
1174 1271 1376 1349 argumento
1389 1261 1461 1351 legi·

286 1381 347 1435 tur.
387 1368 433 1432 Ex
453 1369 596 1457 perfecto
616 1367 656 1432 de
675 1389 764 1431 more
783 1366 928 1431 futurum
945 1364 1146 1456 producitur,
1167 1375 1287 1455 estque
1309 1367 1460 1443 πεπλήξο·

284 1498 344 1551 μαι
376 1473 407 1535 in
436 1494 512 1552 usu,
547 1484 583 1538 ut
610 1471 644 1536 in
668 1472 742 1536 loeo
767 1471 931 1537 Personas
954 1469 1175 1538 venustissime
1198 1471 1329 1562 scripto
1352 1471 1459 1539 Thaet.

284 1604 317 1670 p.
330 1582 433 1647 180a.
458 1578 496 1644 σίν
513 1577 583 1642 τινοί
602 1602 633 1642 τι
654 1576 720 1659 ἔρη,
740 1576 840 1658 ίύσπερ
858 1579 893 1641 ἐκ
913 1576 1074 1659 φαρέτρας
1093 1577 1295 1658 ῥηματίσκιοι
1315 1579 1458 1657 αἴνιγμα·

284 1685 363 1760 τύδη
394 1686 596 1753 οίνκσπῶντες
621 1681 863 1759 οίποτοξεύουσι,
896 1681 955 1746 κθν
976 1682 1086 1748 τούτου
1108 1684 1204 1765 ζητῇς
1224 1680 1327 1761 λύγον
1352 1684 1459 1761 λαβεῖν

284 1790 317 1853 τί
343 1789 476 1870 είρηκεν,
502 1786 590 1867 ἑτέρῳ
617 1786 773 1863 πεπλήξει
803 1792 913 1859 καινῶς
941 1787 1235 1869 μετωνομασμένῳ,
1256 1799 1408 1869 περανεῖς
1434 1790 1457 1855 i*

284 1893 431 1958 οὐδέποτε
457 1892 540 1957 οὐδὲν
566 1891 638 1971 πρὸς
666 1890 773 1958 οὐδένα
801 1893 914 1957 αὐτῶν.
949 1892 1033 1958 etin
1054 1891 1306 1960 Aulsrut’nartls
1326 1892 1459 1983 Eqnt'tt'·

284 2000 343 2063 bus
369 2020 409 2062 rs.
435 2000 510 2062 271.

181 2095 184 2104 ’
393 2176 402 2192 ‚
464 2102 541 2165 ἀλλ’
564 2100 618 2165 ε’θιν
642 2100 744 2184 ταύτη
767 2125 807 2179 γε
832 2108 903 2185 νικρῖ
926 2101 1037 2185 ταντηί
1062 2102 1282 2179 πεπλήξεται.

328 2207 471 2273 Medium
496 2205 658 2285 urimenus
679 2206 764 2298 apud
788 2207 911 2272 Atticos
930 2229 997 2272 uon
1016 2206 1117 2272 estin
1136 2229 1212 2285 usn,
1236 2230 1350 2298 neque
1373 2208 1459 2299 quid·

284 2334 382 2401 quam
411 2312 486 2377 iude
507 2321 635 2389 ποίησις
659 2312 814 2378 ἐπαίσατο
837 2312 921 2402 apud
946 2311 1198 2378 Xnnoruoutarr
1218 2323 1287 2392 est,
1313 2326 1460 2406 utsupra

285 2418 499 2496 ostendimus,
533 2416 587 2481 sed
618 2417 717 2483 semel
747 2419 901 2496 occurrit,
930 2440 1036 2507 neque
1056 2439 1092 2482 ex
1113 2417 1260 2495 πατοίξαι
1286 2419 1458 2511 quidquam

283 2526 443 2605 nascitur,
478 2545 583 2614 neque
611 2523 721 2589 formis
751 2524 914 2602 πλθξομαι
941 2533 996 2588 aut
1016 2521 1205 2601 ἐπληξοίμην
1229 2534 1385 2594 utuntur.
1426 2527 1459 2592 Iu

285 2628 391 2695 Attica
420 2630 571 2696 dicebant
601 2630 758 2708 κθπτομκι
787 2650 846 2718 pro
869 2629 1020 2718 plango,
1042 2625 1098 2691 sed
1118 2624 1183 2690 hoe
1200 2645 1339 2717 quoque
1358 2652 1458 2697 rarum

284 2747 350 2816 est,
375 2760 481 2827 neque
504 2758 556 2802 me
579 2735 719 2815 κθψομαι
744 2747 800 2800 aut
823 2731 1145 2814 ἐκοψοίμηνωοιοίιιί
1167 2734 1287 2821 legere.

329 2841 466 2934 Cognito
490 2842 665 2908 Atticorum
686 2862 746 2905 usu
764 2838 949 2930 expeditum
970 2850 1017 2906 est
1035 2837 1075 2904 da
1096 2835 1230 2905 Ionibus
1255 2837 1382 2910 dicere.
1424 2841 1457 2907 ln

282 2947 373 3015 Ionia
403 2948 455 3012 his
483 2940 593 3012 formis
623 2945 813 3013 utebantur:
841 2945 968 3023 τύπτω,
991 2947 1098 3025 τύψω,
1125 2943 1249 3026 ἔτυψα,
1273 2949 1456 3028 τύπτομαι,

282 3052 462 3132 τύτυμμαι,
476 3049 609 3141 ἐτύπην,
623 3051 802 3128 τύπτομαι,
814 3038 961 3140 plango,
979 3051 1141 3130 πύθωμαι,
1156 3050 1343 3131 ἕτυψοίμην.
1370 3055 1458 3120 Prae·

282 3170 369 3223 terea
389 3156 497 3232 πληξω
519 3167 551 3219 et
572 3153 697 3232 ἔπληξαν
715 3154 866 3221 dicebaut
886 3166 919 3220 at
938 3152 1141 3234 ἐπληξοίμηνι
1166 3156 1304 3233 πατάξω
1327 3171 1361 3224 et
1382 3158 1455 3225 ἐπιί-

281 3260 368 3340 ταξα
394 3283 459 3326 non
485 3259 650 3338 dicebaut,
675 3271 706 3325 et
728 3261 908 3335 πατοίσσω,
934 3261 983 3326 uti
1002 3260 1157 3347 diximus,
1177 3261 1241 3326 iliis
1260 3275 1312 3328 est
1323 3269 1457 3357 pulpito

281 3367 369 3433 idem
396 3365 484 3457 quod
514 3365 704 3444 ποίλλομοιιτ
734 3367 834 3441 παίω,
866 3368 969 3433 παίσω
998 3378 1031 3431 et
1054 3365 1174 3432 ἔπαισα
1194 3366 1281 3457 apud
1304 3373 1458 3462 antiquis·

283 3474 377 3540 simos
396 3472 490 3540 lones
510 3495 575 3537 nou
596 3484 781 3539 occurrunt:
800 3480 983 3552 πληγῆναι,
1000 3475 1242 3555 πληγήσεσθαι,
1262 3476 1456 3558 πέπληγμαι

283 3580 431 3645 omnibus
463 3579 591 3646 Graecis
618 3579 791 3645 cuiuslibet
816 3580 929 3644 aetatis
958 3592 991 3646 et
1011 3579 1134 3670 patriae
1157 3583 1344 3649 communia
1368 3597 1455 3650 sunt:

282 3685 439 3765 πέπληγον
459 3686 491 3750 in
511 3686 643 3775 antiqua
661 3684 740 3751 lade
759 3684 916 3775 siguificat
935 3687 1062 3765 πληγὴν
1080 3685 1218 3773 δέδωκα,
1234 3699 1291 3753 aut
1310 3670 1456 3770 πληγοίι,

284 3801 319 3857 ut
342 3791 428 3880 apud
454 3792 586 3857 Atticos.
1167 3850 1169 3855 .
1203 3797 1205 3801 ’
1274 3821 1276 3826 ’
1348 3810 1350 3815 ·
1540 3792 1542 3797 ’

328 3895 452 3983 Tragici
473 3896 648 3960 utebantur
667 3917 812 3959 sermone
833 3917 870 3959 ex
891 3895 990 3960 veteri
1010 3893 1118 3960 Ionica
1135 3906 1167 3962 et
1191 3897 1294 3964 Attica
1318 3899 1456 3967 dialecto

281 3999 325 4063 ita
344 3999 464 4078 mixto,
482 4011 518 4063 ut
538 4022 575 4064 ex
596 4009 731 4086 utraque
753 4021 810 4063 suo
832 3999 987 4064 arbitratu
1005 3998 1186 4067 delibarent
1206 4003 1295 4093 quod
1315 4005 1455 4072 Beorum

282 4101 469 4170 ethereum
489 4103 805 4183 μεγαλορρημοσύνην
826 4105 962 4171 maxime
982 4106 1095 4174 decere
1114 4109 1304 4177 iudicarent.
1338 4113 1455 4179 Home-

282 4208 347 4273 rica
378 4208 532 4298 pleraque
561 4207 669 4273 omnia
699 4207 849 4274 lubenter
878 4226 1030 4302 usurpant
1058 4226 1090 4279 et
1116 4237 1153 4280 ex
1181 4204 1294 4282 dttieis
1316 4241 1354 4283 ea
1376 4241 1456 4309 quae

282 4334 349 4379 non
374 4327 478 4379 esseut
500 4313 667 4403 totiplebi
687 4314 720 4381 in
740 4335 801 4381 ore.
850 4314 963 4407 Itaque
982 4322 1183 4396 ἀποθνήσκειν
1204 4345 1271 4388 non
1290 4323 1443 4392 dicebant

283 4419 349 4495 sad
365 4420 501 4496 θνήσκειν
522 4432 559 4494 4οἱ
580 4420 801 4501 κατθννίσκειν,
823 4425 1057 4504 κατθανοῦμαι,
1081 4424 1264 4503 κατθανεῖν,
1291 4453 1359 4496 unu
1378 4434 1456 4497 οίπο-

282 4525 410 4606 κτείνειν
439 4527 494 4600 sed
514 4525 757 4603 κατακτείνειν,
783 4551 849 4599 nun
871 4530 1044 4597 οίπέκτεινω
1065 4530 1119 4595 sed
1141 4533 1352 4618 κατέκτανον,
1368 4536 1456 4602 -ἓκτα

282 4642 442 4711 κατέκται
464 4631 633 4727 ,usitabant
663 4638 829 4716 περιοροίν,
853 4637 1052 4717 περιιδεῖνοῑ
1071 4637 1229 4728 quidquid
1252 4654 1337 4708 esset
1358 4667 1455 4718 κατη-

231 4741 233 4744 ⁴
282 4739 491 4819 μαξευμένονι
545 4739 658 4829 Itaque
687 4738 820 4835 πατοίξω
855 4740 1063 4822 οῑὲποίταξα
1094 4745 1255 4825 vitabant,
1288 4750 1395 4816 παίσω
1426 4760 1456 4814 et

1447 4374 1457 4404 θ
