3309 5750
746 662 805 726 181

192 870 239 926 est
267 854 355 947 qood
383 852 501 945 legitur
521 877 553 945 p.
578 855 651 919 174.
685 853 785 920 δεῖται
810 857 855 934 μῆ
883 851 1061 936 οἰφελέσθαι
1086 850 1260 933 τραπέζης,
1284 850 1362 930 μεθ’

190 963 230 1039 ῆν
254 962 436 1040 τεθνήξεται
465 962 558 1042 λιμῷ.
578 996 622 1011 -
645 963 700 1059 ode
731 955 766 1033 ῆν
794 959 916 1039 Λύμων
942 956 1100 1029 πλούσιος.
1138 954 1245 1022 Codex
1273 954 1363 1021 addit

190 1067 269 1131 ἀλλ’
289 1067 355 1131 οὐδὲ
378 1066 532 1147 έλεύθερος
554 1066 580 1130 εἱ
603 1063 655 1129 καὶ
685 1064 843 1136 πλούσιος.
893 1063 927 1127 P.
951 1065 1023 1126 129.
1048 1063 1286 1137 συντεθῆσεσθαι
1311 1085 1364 1128 so·

192 1171 321 1237 Ioeoum
347 1185 403 1240 est.
439 1172 546 1240 Codex
567 1184 652 1241 reete
674 1171 887 1246 συνθῆσεσθαι.
937 1169 971 1234 Ρ.
996 1170 1068 1232 130.
1097 1167 1273 1231 καθεύδοντι
1293 1166 1363 1230 νύκ-

191 1270 263 1359 τωρ.
298 1277 405 1344 Codex
431 1279 546 1360 νύκτωρ
573 1277 702 1344 omittit.
723 1314 768 1327 -
787 1274 918 1350 πλησίον
946 1274 1093 1354 δελφῖνος
1123 1275 1244 1350 νεκροῦ,
1271 1271 1309 1335 δι’
1332 1267 1364 1334 ὃν

190 1384 287 1456 οὐδεὶς
312 1386 379 1448 οὐδὲ
405 1384 585 1476 προσῆλθεν.
615 1380 723 1448 Codex
743 1380 874 1455 πλκσίον
892 1377 1037 1461 δελφῖνος
1059 1380 1173 1455 νεκροῦ.
1200 1375 1296 1447 οὐδεὶς
1315 1370 1364 1439 ούν

191 1488 373 1567 προσῆλθεν.
423 1488 458 1553 Ρ.
481 1491 554 1553 131.
584 1486 670 1563 δέξαι
701 1491 761 1549 νύν.
801 1482 880 1549 Cod.
901 1487 951 1546 νῦν
980 1481 1066 1558 δέξαι
1088 1490 1184 1543 reete.
1232 1478 1265 1542 P.
1290 1481 1365 1545 133.

191 1601 257 1662 τοῖς
279 1592 445 1672 τριβθλοις.
473 1616 536 1658 non
559 1604 606 1656 est
625 1590 686 1655 hoe
707 1589 738 1654 in
760 1588 879 1655 Codice
899 1586 1070 1675 seriptum,
1091 1595 1127 1648 ut
1146 1579 1298 1647 Cooxxxxo
1317 1582 1366 1646 of-

194 1696 317 1773 600101,
341 1695 396 1761 sed
414 1698 554 1777 τριβίοις.
604 1698 637 1762 Ρ.
662 1700 733 1762 134.
764 1695 964 1774 ύμολογῆσας
987 1690 1092 1755 αἰτίαν
1112 1693 1283 1767 πανταχοῦ
1310 1713 1365 1765 γεὰ

192 1801 327 1879 γονέναι.
355 1800 434 1867 Cod.
455 1802 654 1880 ὁμολογῆσας
679 1801 724 1866 ἔτι
746 1799 911 1879 γεγονέναι
934 1800 1117 1876 πανταχοῦ.
1148 1792 1366 1881 Intelligerem

193 1904 218 1969 ei
247 1927 306 1995 pro
334 1906 439 1970 αἰτίαν
470 1906 520 1970 vel
542 1904 587 1971 ἔτι
609 1907 770 1996 legeretur
792 1903 916 1970 σπύυιν.
944 1901 1060 1967 deinde
1080 1911 1210 1964 nonest
1230 1899 1264 1963 in
1285 1899 1365 1966 Cod.

191 2009 424 2090 συντέτραπται
440 2040 441 2043 ’
455 2011 509 2077 sed
531 2012 772 2093 συντέθραπται.
807 2022 839 2076 et
866 2010 1021 2090 συνῆφθαι
1042 2028 1107 2070 non
1130 2010 1297 2077 συνῆπται.
1321 2044 1367 2057 -

191 2115 229 2186 ὥς
253 2114 421 2182 καθεύδειν.
455 2116 563 2183 Codex
588 2120 626 2189 ως
654 2117 888 2194 συγκαθεύδειν.
915 2160 954 2170 -
978 2122 1098 2179 πεῖσαι.
1121 2109 1229 2177 Codex
1255 2119 1364 2177 πεῖσαι

191 2217 304 2296 λέγων.
324 2256 370 2267 -
388 2217 434 2283 έτι
455 2223 537 2299 μῆτε
559 2220 679 2285 πενθαυ.
707 2218 785 2286 Cod.
806 2223 889 2299 μῆτε
906 2219 1014 2288 πενίαν
1033 2217 1089 2282 έτι.
1117 2216 1152 2281 Ρ.
1172 2219 1247 2281 139.
1272 2217 1365 2298 ύρμιρ-

119 2347 124 2356 ’
192 2324 281 2389 θεῖσα
302 2326 373 2415 Iege
390 2327 579 2405 ὀργισθεῖσα.
616 2326 650 2392 Ρ.
673 2330 746 2391 146.
770 2326 961 2407 παραμένειν
979 2322 1133 2400 -έιξεια
1159 2321 1282 2410 corrige
1301 2345 1365 2385 πα-

192 2438 346 2508 ραμενεῖν.
368 2468 415 2480 -
435 2430 536 2511 ἔριφον
560 2431 715 2512 ὀψίγονον.
738 2411 997 2520 103οοέρτίγσνσν.
1048 2428 1083 2492 Ρ.
1105 2429 1177 2491 148.
1202 2428 1240 2490 δι’
1264 2423 1316 2501 ἧς.
1332 2474 1363 2491 ..

191 2534 329 2607 ποιῆσειε
350 2535 569 2624 103οποιῆσει.
605 2536 640 2601 Ρ.
665 2539 738 2601 149.
762 2535 884 2607 έλούσας
903 2530 1078 2611 τύιςαῖγας
1099 2531 1234 2595 emenda
1252 2529 1363 2602 ἐούσας.

192 2636 228 2702 Ρ.
252 2640 326 2704 153.
349 2623 506 2704 έπιθέσθαι
522 2641 630 2718 διέγνω
650 2642 692 2721 τῷ
715 2639 865 2721 Δοέφνιδι.
892 2637 994 2703 scribe
1016 2636 1106 2715 ἔγνω.
1123 2674 1170 2685 -
1187 2638 1225 2707 ως
1243 2637 1273 2699 δέ
1290 2630 1364 2699 εἶδε

190 2743 349 2822 χειροῆθῆ,
373 2741 438 2807 imo
458 2765 532 2808 vexo
551 2741 632 2824 εἶχε.
667 2744 700 2808 Ρ.
721 2748 794 2811 154.
818 2742 877 2817 οἷός
893 2769 929 2808 τε
946 2739 980 2819 ἦν
1000 2765 1145 2833 expungo
1164 2766 1211 2807 τε.
1238 2740 1272 2805 Ρ.
1288 2742 1364 2806 156.

191 2845 315 2928 ἐρίφους
334 2848 541 2926 γαλαθηνούς.
569 2847 678 2931 Codex
695 2849 740 2916 ἔτι
761 2849 970 2930 γαλαθηνούς.
1006 2850 1040 2916 Ρ.
1060 2853 1133 2916 157.
1154 2849 1276 2930 χιτῶνα
1297 2846 1362 2911 καὶ.

193 2948 271 3016 Cod.
292 2957 413 3030 χιτῶνα
436 2963 577 3033 χλαῖναν
607 2957 671 3020 καθ.
708 2957 741 3021 Ρ.
766 2959 840 3022 160.
871 2959 924 3020 οὐκ
948 2954 1073 3037 ἄπειρος
1098 2957 1242 3036 ἐρωτικῆς
1260 2952 1363 3025 λύπῆς

193 3054 353 3121 verissime
381 3068 427 3121 est
457 3056 647 3124 Scfloxxoex
676 3062 859 3126 conieclura
884 3060 1012 3135 λύττης.
1060 3059 1209 3124 Imitatur
1233 3056 1365 3121 Loxous

192 3161 372 3227 Pxxxooxox
400 3163 433 3226 In
467 3164 609 3254 Legibus
636 3166 720 3232 VIII.
741 3191 774 3256 p.
796 3170 861 3231 839
882 3189 908 3230 e.
939 3166 1056 3240 λύττῆς
1080 3166 1110 3229 δὲ
1135 3167 1279 3244 ἐρωτικῆς
1310 3159 1363 3224 καὶ

191 3267 309 3345 μανίας
340 3266 496 3347 εἴργεσθαι
527 3279 611 3335 ποιεῖ
637 3271 650 3333 ὁ
678 3271 766 3348 νθμος
794 3268 892 3343 οὗτος.
944 3269 1064 3334 Eodem
1096 3269 1191 3359 plane
1219 3264 1365 3330 eonIusio

192 3374 324 3460 'epperet
342 3395 374 3460 p.
394 3374 433 3434 61
458 3371 512 3434 01ιί
532 3374 649 3448 λύττνς
670 3374 702 3438 in
720 3376 868 3439 omnibus
888 3373 978 3437 libris
997 3385 1059 3451 est,
1083 3372 1136 3437 sed
1159 3373 1279 3461 optime
1296 3369 1366 3433 edi·
1434 3406 1439 3414 ·

194 3485 247 3539 tux
263 3475 323 3547 τας
346 3467 459 3555 ψυχῆς
477 3476 679 3552 νένεςοέλιρσαν
700 3479 757 3543 ὑπὸ
775 3479 889 3553 λύπῆς.
904 3516 949 3527 -
964 3480 1006 3548 εἰς
1031 3477 1208 3554 ἐπιθυμίαν.
1231 3474 1309 3541 Cod.
1328 3474 1366 3540 Β.

194 3581 357 3659 ε’νθυμθαν,
384 3581 518 3647 emenda
540 3585 583 3654 εἰς
599 3584 758 3661 εὐθυμίαν.
804 3584 839 3650 Ρ.
863 3588 935 3649 162.
961 3581 1060 3664 αἶγας
1085 3583 1175 3660 ἔνεμε
1196 3581 1366 3661 Βρύγχιος.

196 3685 282 3776 quod
304 3686 372 3751 sine
393 3685 493 3753 Codd.
513 3688 735 3777 corrigendum
759 3701 825 3754 erat
846 3689 1011 3771 Βρύγχος,
1045 3689 1077 3753 id
1099 3689 1131 3754 in
1155 3687 1180 3752 I
1201 3686 1368 3751 inventum
1407 3771 1408 3774 Ἴ

192 3789 349 3857 „Coonlxlx
368 3792 551 3860 0160011.-
572 3793 585 3857 d
610 3794 699 3865 Ζεύς.
726 3791 804 3860 Cod.
824 3796 838 3858 ὁ
862 3799 921 3858 τῶν
942 3791 1018 3858 ύλων
1040 3793 1206 3873 βασιλεύς.
1240 3792 1272 3856 Ρ.
1291 3794 1367 3857 160.

194 3893 299 3976 έρημοι
324 3898 355 3962 δὲ
381 3900 413 3963 αἱ
440 3894 544 3977 αἶγες.
571 3896 655 3986 Lege
678 3897 750 3979 έρρει
773 3924 825 3977 μοι
847 3900 892 3947 ³*
916 3898 969 3962 καὶ
995 3899 1028 3963 αἱ
1053 3894 1156 3976 αἶγες.
1194 3897 1227 3962 Ρ.
1251 3899 1313 3962 164
1335 3895 1368 3961 In

141 4085 145 4094 Ι
196 3995 318 4065 Codice
336 4023 401 4065 non
422 4016 484 4079 est,
514 4013 549 4065 ut
572 4000 723 4068 Cooexxe
745 4003 842 4082 dicit,
866 4002 938 4068 sed:
963 4004 1039 4067 αλλ’
1060 4004 1086 4066 οἱ
1109 4000 1242 4083 πατέρες
1265 4001 1368 4079 ἐξέθη-

194 4124 254 4168 καν
284 4109 391 4170 τοῦτον
421 4106 513 4170 πεδίω
537 4107 609 4178 ἴσως
635 4109 763 4173 παιδίων
793 4108 1009 4189 πρεσβυτέρων
1035 4105 1108 4179 ύύλις
1132 4106 1279 4188 ἔχοντες,
1315 4128 1369 4172 ex-

195 4229 306 4299 pungo
334 4211 427 4275 πεδθω
458 4223 490 4277 et
512 4211 590 4277 nihil
611 4211 670 4277 exit
690 4212 897 4278 difficultatis.
946 4213 978 4278 P.
1001 4216 1075 4278 166.
1100 4215 1125 4278 εἰ
1150 4211 1367 4292 διαψεύδεται.

198 4311 277 4380 Cod.
297 4328 383 4381 reete
403 4319 428 4382 εἰ
449 4318 666 4398 ψεύδεται-
687 4322 878 4400 χλαμύδιον.
911 4318 1019 4384 Codex
1042 4318 1228 4400 χλαμύδιον,
1248 4318 1369 4406 corrige
1448 4364 1451 4370 ·

196 4421 359 4500 χλανίδιον
387 4435 420 4487 et
447 4423 488 4488 ob
508 4445 574 4490 rem
594 4425 693 4516 ipsam
716 4436 748 4489 et
769 4426 809 4490 ob
829 4449 901 4514 pag.
924 4427 944 4488 8
970 4424 1026 4488 ubi
1050 4423 1115 4487 duo
1137 4422 1250 4510 optimi
1271 4420 1369 4487 Codi-

196 4545 248 4590 ces
265 4528 427 4606 χλανίδιον
447 4542 581 4596 servant.
622 4531 655 4596 P.
677 4534 751 4595 170.
777 4532 927 4594 ἐνταυθοῖ.
955 4527 1034 4593 Cod.
1054 4529 1198 4592 ἐνταῦθα.
1241 4525 1274 4590 Ρ.
1294 4528 1369 4591 177.

195 4627 271 4695 ὅταν
291 4631 405 4711 κθσμον
428 4635 662 4716 προσλούβῆται.
685 4635 806 4726 optime
823 4634 930 4700 Codex
950 4631 1126 4715 προσλύβρ.
1151 4631 1185 4695 Ρ.
1200 4633 1270 4696 179.
1289 4628 1370 4694 κύλ-

194 4747 248 4813 Ιλος
274 4735 460 4820 ἐκφέρουσα.
486 4762 606 4830 repone
627 4742 834 4825 έκφαθνουσα.
850 4778 896 4791 -
916 4737 973 4815 ύλῆ
998 4738 1061 4820 γαρ
1085 4737 1213 4803 ἐκινεῖτο
1236 4737 1253 4810 ῆ
1278 4732 1369 4806 πόλις
