3309 5750
722 650 787 712 299

166 844 259 914 facile
287 856 334 913 est
361 845 532 936 colligere,
551 843 606 912 sed
626 844 661 910 in
681 842 730 909 his
751 842 938 913 adverbium
956 848 1133 938 praecedit
1153 847 1340 940 epexegesin

167 975 261 1042 saepe
276 974 343 1036 non
366 951 583 1031 invenustam,
607 973 784 1040 numquam
803 953 900 1042 plane
918 953 1085 1034 inutilem,
1114 956 1170 1021 sed
1190 955 1273 1021 nibil
1294 967 1342 1022 est

122 1082 124 1085 ·
166 1061 266 1149 magis
288 1060 453 1124 inficetum
475 1082 570 1148 quam
592 1058 617 1123 si
637 1059 837 1149 praemiseris
857 1062 891 1124 ἐν
917 1066 971 1126 τοῦ
990 1062 1145 1142 Ἄργους,
1168 1064 1199 1127 ἐν
1217 1072 1257 1145 τῇ
1275 1070 1339 1126 Τε-

167 1166 245 1249 γέρι,
268 1166 411 1239 Ἀθήνησι
432 1163 547 1229 deinde
563 1164 719 1230 subiicere
737 1164 865 1231 αὐτόθεν
884 1166 935 1231 rel
952 1168 1060 1231 αὐτοῦ.
1086 1163 1341 1257 Nonnumquam

168 1268 290 1334 factum
319 1280 366 1333 cst
394 1282 430 1334 ut
451 1270 542 1334 scioli
560 1269 594 1334 in
614 1270 855 1359 interpretando
874 1284 1034 1351 errarent,
1056 1272 1172 1337 deinde
1191 1295 1227 1338 ea
1245 1294 1340 1363 prae·

167 1387 293 1466 postera
310 1374 533 1465 interpretatio
551 1398 624 1441 cum
641 1377 781 1466 genuina
796 1377 952 1468 scriptura
966 1378 1157 1444 coalesceret
1174 1381 1207 1445 in
1224 1402 1342 1456 unum,

168 1480 257 1570 quod
282 1480 363 1546 mihi
381 1482 458 1545 olim
478 1481 512 1545 in
531 1481 694 1547 Petronis
716 1485 884 1573 Apologia
906 1484 1106 1551 observatum
1128 1498 1175 1551 est
1194 1510 1226 1576 p.
1245 1488 1288 1549 20
1310 1502 1341 1551 c.

170 1587 226 1650 ubi
246 1586 412 1675 scripserat
431 1584 655 1677 philosophus:
689 1582 709 1651 ὦ
735 1589 917 1669 Σώκρατες,
949 1589 1038 1655 τόθεν
1059 1592 1091 1655 αἱ
1115 1588 1266 1668 δναβολαί
1294 1612 1340 1653 σοι

168 1686 264 1756 αὗται
289 1692 475 1770 γεγόνατννς
507 1696 540 1757 οὐ
564 1693 627 1774 γαρ
650 1694 746 1769 δήπου
770 1698 829 1758 σοῖο
850 1720 889 1773 γε
914 1696 1079 1761 cridiensis
1104 1696 1210 1760 ἄλλων
1235 1719 1341 1776 τοροτ-

169 1793 290 1875 τότερον
321 1797 625 1878 πραγματευομένου
657 1796 770 1862 ἔπειτα
801 1799 940 1874 τοσαύτη
974 1800 1067 1881 Φήμα
1097 1822 1133 1865 τε
1162 1800 1215 1864 καὶ
1246 1798 1341 1876 λόγος

169 1900 309 1978 γέγονεν.
342 1899 466 1967 Sciolus
485 1902 591 1967 nescio
611 1902 683 1991 quis
703 1901 869 1992 adscripsit
889 1906 914 1968 εἰ
929 1905 974 1982 μή
992 1928 1023 1968 τι
1042 1902 1196 1984 ἔπραττες
1215 1904 1343 1968 ἀλλοῖον

169 2004 186 2081 ἢ
209 2006 234 2070 οἱ
259 2004 381 2071 πολλοί.
407 2004 482 2071 Non
501 2008 598 2072 sensit
617 2007 815 2087 Prionoton,
840 2008 866 2073 si
885 2007 946 2073 hoc
964 2009 1070 2074 dicere
1088 2008 1257 2088 voluisset,
1282 2033 1345 2088 ρον·

169 2112 218 2177 δέν
239 2134 303 2176 non
324 2113 407 2178 οὐδέν
428 2113 524 2179 fuisse
544 2114 737 2202 scripturum
757 2125 789 2179 et
809 2114 927 2196 ἐγένετ’
948 2112 986 2180 ἄν
1006 2138 1065 2204 pro
1082 2111 1230 2193 γέγονεν,
1257 2135 1344 2178 nunc

171 2229 307 2306 utraque
337 2217 490 2307 scriptura
512 2230 689 2284 monstrose
713 2218 833 2283 coaluit
855 2229 887 2284 et
907 2216 1091 2284 defensores
1113 2217 1221 2284 habet.
1262 2216 1345 2283 Coa·

129 2406 131 2410 ,
171 2323 234 2389 luit
260 2323 467 2389 monstrosius
497 2324 593 2390 etiam
624 2325 784 2389 emblema
811 2347 885 2389 cum
906 2325 1035 2414 antiqua
1058 2325 1196 2390 lectione
1218 2324 1252 2388 in
1272 2324 1346 2388 loco

172 2427 537 2519 Pnaron1s‚‚quem'·ex
557 2429 737 2495 taenareo
764 2429 932 2519 descripsit
955 2428 1079 2496 Sumus
1100 2453 1126 2495 r.
1147 2428 1347 2507 ἀναλαμβα-

170 2556 246 2599 νεοντ
281 2534 502 2611 ἀναλαβέσθαι
537 2535 563 2599 δ’
588 2538 643 2599 οὐκ
673 2535 880 2611 ἕτνςαμὲνους
908 2534 1202 2615 ἐτνδεξοελευθέρωο.
1253 2532 1348 2623 Apud

172 2640 351 2708 Primum
369 2650 418 2703 est
440 2639 471 2702 in
496 2637 672 2705 Theaeteto
691 2664 722 2729 p.
746 2643 807 2706 175
828 2659 858 2705 lt.
882 2639 1125 2719 ἀναβάλλεσθαι
1145 2675 1183 2687 ·-
1205 2637 1349 2715 ε’τοδεξοοὶ

172 2746 344 2826 ἐλευθέρας.
378 2745 600 2812 thscnrcrus
614 2746 737 2836 primus
754 2744 833 2811 uidit
848 2746 1009 2826 ἐλευθέρας
1026 2745 1348 2835 interpretamentum

171 2875 249 2918 esse.
303 2848 443 2918 Omnino
473 2853 632 2942 permulta
660 2861 737 2917 bunt
769 2852 802 2917 in
839 2851 993 2917 Pttrttttt
1025 2850 1346 2932 ταρεμβεβλνροένα,

173 2980 331 3048 nusquam
358 2956 450 3046 plura
480 2981 576 3048 quam
604 2959 637 3024 in
660 2955 841 3048 Apologia,
873 2981 956 3048 quae
983 2970 1017 3022 ut
1037 2979 1125 3022 nunc
1145 2957 1190 3022 sic
1214 2956 1291 3022 olim
1314 2955 1349 3021 in

171 3064 257 3131 ludis
286 3063 452 3153 legebatur
478 3065 746 3145 adolescentulis,
779 3065 893 3155 quiin
922 3065 1035 3131 litteris
1057 3064 1239 3130 tirocinium
1259 3063 1348 3131 face·

171 3182 243 3236 rent
272 3181 305 3235 et
332 3170 505 3236 lectionem
525 3171 690 3237 Pnaronrs
710 3170 751 3235 ab
775 3168 838 3236 hoc
859 3171 944 3237 libro
962 3171 1210 3261 auspicarentur.
1256 3169 1349 3236 Indi·

173 3274 254 3341 cabo
281 3276 391 3365 paucis
420 3274 591 3364 insigniora
617 3288 649 3342 et
668 3276 712 3342 sic
732 3276 816 3342 hanc
837 3288 962 3367 partem
980 3276 1181 3342 concludam.
1212 3302 1234 3367 p
1256 3280 1296 3341 19
1319 3294 1349 3342 c.

173 3379 211 3448 ὧν
234 3369 294 3459 ἐγὼ
319 3380 428 3467 [οὐδὲν]
454 3383 524 3447 οὔτε
550 3381 648 3460 μέγα
664 3380 734 3446 οὔτε
759 3383 886 3462 σμικρὸν
908 3382 976 3462 τὲρο
999 3383 1109 3448 ἐπαΐω.
1135 3406 1167 3472 p.
1186 3386 1229 3445 20
1248 3400 1277 3447 n.
1298 3377 1349 3446 οὗ·

171 3512 224 3560 τος
257 3483 330 3563 ἐμός
362 3509 399 3549 τε
428 3485 548 3566 ἑταῖρος
583 3480 617 3559 ἦν
646 3485 698 3550 καὶ
731 3482 880 3568 incoepi
906 3488 1017 3562 πλήθει
1050 3487 1185 3573 [ἑταῖρός
1210 3488 1259 3574 τε]
1291 3485 1345 3551 καὶ

171 3592 332 3674 ξυνὲφυγε
356 3589 412 3663 τὴν
435 3589 543 3671 <teylav
566 3589 697 3664 ταύτην.
731 3615 763 3680 p.
783 3592 823 3655 21
848 3609 881 3659 b.
910 3591 971 3669 ἐγὼ
996 3591 1027 3657 δὲ
1050 3589 1151 3672 ὥσπερ
1182 3587 1260 3679 [οὖν]
1291 3594 1346 3658 οὐκ

171 3694 242 3766 οἶδα
263 3693 461 3774 οὐδ’,οἴοροαα
487 3718 519 3784 p.
539 3698 583 3760 23
605 3713 637 3760 n.
661 3692 768 3776 ἔχουσι
792 3696 850 3774 μὲν
873 3696 957 3761 οὐδὲν
984 3697 1082 3762 εἰπεῖν
1110 3695 1200 3783 [ἀλλ’
1214 3697 1363 3782 οὲγνοοῖν-Ι
1410 3776 1411 3779 ¹

173 3806 248 3892 σνν].
274 3828 305 3894 p.
325 3805 367 3868 23
387 3801 496 3867 tenisi
516 3823 678 3892 expungas
699 3800 752 3866 soti
776 3808 837 3866 τῶν
859 3806 1025 3866 τολοτοκῶν
1051 3802 1161 3867 Puto
1184 3801 1347 3868 ridebitur

173 3909 297 3977 nescire
320 3907 398 3998 quid
416 3906 518 3988 dicat3
541 3908 582 3972 ad
602 3931 639 3974 ea
659 3929 741 3998 quae
763 3919 941 3996 sequuntur
962 3908 1036 3989 ὑπὲρ
1059 3909 1118 3972 τῶν
1139 3907 1267 3989 ῥητόρων
1289 3905 1348 3971 ad·

172 4016 327 4105 scriptum
347 4018 676 4090 emmeramensis,
704 4013 821 4080 deinde
841 4036 878 4079 ea
897 4013 991 4080 rerba
1012 4014 1118 4079 alieno
1136 4012 1210 4079 loco
1231 4012 1348 4102 adglu-

174 4122 276 4189 tinata
296 4131 379 4186 sunt.
403 4144 434 4210 p.
456 4122 499 4183 24
520 4128 550 4185 c.
572 4119 763 4201 τενροέοοροαο
792 4121 874 4209 [καὶ]
902 4123 975 4200 ὑμῖν
1000 4120 1165 4198 ἐπιδεῖξαι.
1194 4145 1228 4212 p.
1249 4124 1292 4186 24
1313 4140 1347 4189 ι).

172 4229 229 4308 ἐμὲ
256 4224 396 4304 εἰσάγεις
416 4223 554 4289 ’τουτοισὶ
585 4224 653 4309 [καὶ
676 4226 876 4314 κατηγορεῖς]
899 4226 1033 4293 emenda
1052 4225 1192 4304 εἱοαγεος
1210 4228 1253 4299 εἷο
1274 4251 1347 4293 του·

173 4333 261 4399 τουτί
279 4344 311 4397 et
330 4333 648 4422 interpretamentum
669 4351 821 4419 expungo.
845 4355 877 4420 p.
899 4327 942 4396 2'4
958 4350 987 4396 n.
1010 4327 1146 4410 οὗτοο,ὦ
1166 4333 1352 4417 Σώκρατες,

176 4439 214 4527 [οἱ
238 4436 385 4524 trassel]
404 4449 436 4503 et
455 4433 558 4501 scribe
575 4434 679 4500 οὑτονΐ.
710 4457 743 4523 p.
763 4439 805 4500 25
828 4453 859 4498 Δ.
882 4436 909 4499 οἱ
932 4436 963 4498 ἐν
986 4444 1026 4516 τῇ
1051 4435 1204 4520 ε’κκλνρτίρι
1232 4438 1271 4525 [οἱ
1296 4439 1347 4501 ε’κ-

171 4541 359 4628 αλνοοαςαί]
382 4540 589 4623 διαφθείρουσι
615 4539 686 4612 τοὺς
712 4538 883 4621 νεωτέρους.
927 4538 968 4603 Et
988 4550 1062 4604 sunt
1082 4550 1188 4606 tamen
1208 4541 1265 4629 qui
1285 4539 1348 4604 boc

176 4649 357 4715 Putrem
382 4645 488 4734 ipsum
515 4643 674 4711 addidisse
704 4642 785 4710 serio
809 4642 951 4709 credant.
986 4667 1016 4732 p.
1035 4646 1077 4708 26
1098 4663 1128 4711 ο.
1159 4646 1185 4710 εἰ
1210 4647 1241 4712 δὲ
1266 4643 1350 4710 ἄνοον

172 4751 360 4837 διαφθείρω,
392 4749 616 4817 τῶντοιούτων
639 4749 704 4837 [καὶ
734 4749 902 4835 οἰκουρίαν]
934 4748 1175 4830 οἱμαρτημνὲτων
1204 4751 1238 4816 οὐ
1263 4751 1348 4835 δεῦρο

1113 4865 1141 4903 aa
1154 4854 1169 4887 ⁴
