3309 5750
887 640 928 701 62

311 844 391 900 χειν.
415 856 461 872 -
482 820 537 884 ούιι
562 816 699 906 [ὀλίγαις
718 814 794 902 οὐδ’]
819 814 1051 895 εύαριύμύτοιςε
1076 811 1122 878 illi
1146 815 1306 900 exquisite
1337 819 1503 900 εύαρίίμη-

310 949 366 999 τος
387 931 511 1011 ponunt
543 942 601 1009 pro
633 921 750 999 ύλίγος.
789 918 813 1008 S
839 924 869 984 t.
895 918 1001 983 πολλοὶ
1034 919 1314 996 καύηδυπαύησαςι
1338 922 1505 1011 Egregius

312 1050 389 1097 sane
411 1028 642 1111 Ἀρεοπαγίτης
670 1028 727 1113 qui
754 1025 871 1091 bonam
893 1031 1017 1111 partem
1048 1025 1235 1109 patrimonii
1261 1028 1432 1096 cumistis
1455 1030 1504 1096 di·

314 1135 470 1223 lapidasse
491 1133 630 1211 dioitur,
662 1130 815 1197 namhoc
839 1137 889 1195 est
905 1128 1140 1202 καίηδυταύεῖν.
1186 1129 1351 1215 Legerim:
1373 1134 1504 1202 πολλοί.

312 1266 359 1316 ιιις
376 1242 576 1319 ηίυπαίύσας
599 1241 667 1318 μοί
689 1242 790 1317 ἡμῶν,
820 1233 906 1320 quod
928 1253 1124 1320 quamquam
1156 1243 1290 1302 nonest
1316 1239 1505 1322 gravissimi

309 1347 468 1413 senatoris
487 1353 596 1411 tamen
618 1344 742 1431 flagitio
766 1348 854 1408 caret
874 1346 906 1406 et
926 1340 1014 1425 turpi
1037 1338 1216 1425 opprobrio.
1235 1381 1280 1392 -
1298 1343 1504 1427 ε’τίμπρσποε

313 1459 436 1518 veteres
458 1451 680 1532 ἐνεπίμπρατο.
709 1450 745 1515 ln
766 1446 891 1513 ultimis
913 1448 952 1519 ύς
971 1443 1011 1512 ἄν
1032 1444 1331 1532 reprehendendum
1345 1455 1378 1515 et
1401 1448 1458 1518 ίσα
1471 1459 1504 1520 et

314 1556 550 1639 ύπαχύείημεν.

351 1663 454 1748 Epist.
467 1666 522 1728 44.
557 1659 689 1742 κατέχει
712 1664 766 1725 τού
790 1656 902 1731 ύςεοςε
927 1656 1078 1722 &ccccm
1105 1663 1155 1723 est
1180 1657 1216 1724 τί
1235 1654 1319 1734 deu,
1341 1665 1379 1723 ut
1402 1660 1501 1728 κατέ·

306 1789 377 1849 χειν
399 1767 436 1832 τί
459 1766 591 1848 ύέατρον.
615 1803 662 1816 -
683 1768 774 1830 πῖοσα
797 1765 882 1845 αύτῷ
905 1762 1080 1844 sotum
1107 1764 1125 1838 οἱ
1162 1761 1263 1828 οἰκίαι
1301 1760 1342 1829 de
1374 1764 1498 1849 deiero

305 1890 365 1959 pro
390 1870 542 1954 ύνέρκται
566 1871 718 1936 diximus.
766 1869 835 1935 Non
859 1878 922 1933 ιοιο
940 1866 1055 1933 domus
1081 1866 1111 1932 ei
1135 1873 1245 1952 patere
1274 1866 1419 1949 dicitur,
1441 1871 1503 1940 scd

305 1997 528 2063 unaquaeque,
556 1976 666 2063 itaque
695 1995 843 2061 expunge
866 1973 1051 2039 articulum.
1088 1970 1169 2061 §e
1199 1972 1285 2055 τύχη
1308 1973 1373 2057 γὰρ
1409 1976 1499 2059 παρίι

307 2079 436 2148 ποίνταε
459 2079 531 2149 dele
552 2081 833 2168 praepositionem.
882 2080 919 2145 ln
944 2077 1148 2165 proverbium
1172 2077 1270 2145 abiit:

534 2187 619 2269 τύχη
638 2186 683 2253 rol
705 2188 817 2262 ύνητῶν
838 2184 1007 2267 πράγματ’
1025 2187 1079 2250 οὐκ
1098 2182 1269 2261 εύβουλία,

534 2291 636 2359 Vitam
657 2293 738 2379 repit
754 2296 897 2381 selune,
921 2311 982 2355 ιιυιι
1007 2288 1168 2375 sapientia.

350 2396 452 2484 Epist.
476 2400 531 2464 lu.
564 2399 778 2464 ἐπανελθοῦσα
800 2402 855 2464 τού
879 2396 1072 2475 συμποσίου;
1102 2392 1215 2481 supple
1237 2392 1272 2460 ix
1292 2399 1347 2461 τοῦ
1372 2421 1493 2478 ουμπο·

306 2501 383 2569 σίου.
405 2529 451 2552 ...
473 2501 753 2587 τύρύησινίκαιηυε
778 2501 859 2569 nihil
881 2501 1003 2568 certius
1021 2501 1142 2586 Rursum
1161 2499 1347 2567 coniectura
1374 2508 1493 2583 καινήν.

307 2606 374 2697 §s
398 2608 532 2675 τούτον;
555 2608 646 2675 codd.
670 2610 784 2675 τούτων
808 2610 857 2684 εί,
880 2608 913 2673 id
937 2617 984 2675 esl
1005 2605 1141 2673 τουτονί.

350 2714 452 2800 Epist.
476 2718 530 2779 46.
554 2719 593 2789 ὡς
618 2717 775 2797 εὐτυχοῖτε
807 2714 918 2780 malim
941 2717 980 2788 ὥς
1003 2715 1138 2792 εὐτυχῶ.
1159 2749 1205 2761 -
1231 2712 1494 2799 Τραπεζύχαρονι

305 2817 451 2905 analogia
476 2818 617 2907 postulat
643 2818 907 2903 Τραπεζοχοίρων.
944 2817 1164 2902 παραληφθείς
1198 2818 1249 2885 ἐπί
1285 2818 1407 2887 δεῖπνον
1429 2822 1493 2890 τὲ·

303 2947 394 2991 πεινε
426 2944 444 2990 e
474 2925 659 2990 Latinitatis
687 2924 978 2990 rationedictum:
1012 2944 1122 2989 οοοιισο
1152 2923 1334 2992 adbibitus:
1368 2927 1491 3011 τέρπειν

304 3048 431 3115 quoque
465 3029 629 3096 Graeculis
667 3028 812 3094 debetur.
844 3066 890 3079 -·
922 3029 1150 3112 praevendere:
1183 3028 1253 3116 lege
1286 3034 1491 3114 φιλονεικίας.

303 3131 328 3223 S
350 3138 382 3200 4.
408 3136 596 3201 Πιύακίιουα;
627 3134 754 3220 corrige
773 3134 975 3200 Πιύαιινίωνα.
1004 3174 1050 3187 -
1071 3133 1268 3212 ύνέτλημενε
1292 3138 1397 3222 poetis
1421 3147 1491 3207 eret

301 3237 551 3326 relinquendum
573 3260 631 3328 pro
658 3239 870 3322 ύνεσχύμεύα.
894 3276 938 3289 -·-
963 3247 1019 3317 της
1044 3239 1236 3320 εὐτυχούσης
1259 3240 1397 3326 empne:
1421 3245 1491 3314 hro·

303 3344 377 3410 vius
399 3343 496 3411 Allict'
517 3355 573 3422 τῆς
597 3347 773 3427 εὐημερίας.

346 3450 449 3537 Epist.
471 3455 524 3517 47.
547 3454 630 3518 οὐδὲν
653 3450 766 3519 beredo:
790 3450 852 3538 leg.
876 3452 959 3518 οὐδὲν
982 3449 1022 3518 du
1043 3450 1146 3517 δεινόν.
1166 3490 1211 3501 -
1229 3453 1326 3534 οίαρίοι
1348 3462 1405 3530 τοῖς
1423 3481 1492 3523 ννκ·

300 3554 367 3631 τύς;
402 3556 498 3622 Attici
527 3563 587 3623 τῶν
614 3564 738 3624 νυκτῶν.
763 3594 808 3608 ·-
832 3557 958 3623 ἕαυτύντ
994 3555 1140 3636 ἐμαυτόν.
1172 3554 1196 3645 S
1222 3561 1252 3623 b.
1284 3557 1489 3630 διεσπύσύοιε

303 3660 409 3726 scribe
430 3661 634 3729 διασπύσύαι.
659 3661 728 3750 Si».
752 3664 965 3745 κατεκρύβηυ;
990 3661 1092 3727 forma
1111 3663 1240 3747 sequior
1263 3681 1321 3749 pro
1340 3669 1489 3752 κατεκρύ-

300 3767 392 3849 φίηυ.
423 3804 468 3819 -
496 3766 581 3845 λέγω
605 3765 804 3853 imprudenti
827 3766 949 3833 excidit
977 3785 1035 3852 pro
1059 3764 1185 3849 γρύφιι.
1220 3766 1245 3856 §
1272 3773 1301 3833 4.
1326 3770 1373 3846 νηί
1404 3774 1489 3841 λύειν

299 3869 460 3953 μελλούση
483 3870 528 3936 τοί
559 3873 736 3953 πρυμνήσια
765 3873 959 3954 περιτυχύν;
993 3869 1089 3936 Attici
1111 3877 1185 3938 ναῦν
1208 3872 1384 3952 dierectus
1408 3879 1488 3957 μέλ·

298 3988 413 4040 λουσαν
444 3977 660 4055 καταλαβών,
682 3977 845 4062 imprimis
868 3979 1040 4061 περιτυχών
1065 3976 1206 4044 ioculare
1228 3987 1288 4046 est.
1316 4016 1363 4033 -··
1381 3985 1419 4051 τί
1442 3985 1486 4053 τί·

300 4102 415 4159 μημα;
438 4079 521 4145 male
540 4101 598 4167 pro
619 4083 674 4157 την
697 4084 802 4161 τιμήν.
831 4081 855 4171 ἕ
874 4089 906 4150 5.
930 4088 1072 4149 τοσούτου
1090 4120 1137 4135 -
1157 4086 1215 4158 cie:
1237 4086 1332 4152 scrib.
1351 4086 1418 4159 ὥτ’.
1442 4128 1499 4153 -,-.

299 4185 352 4249 καί
384 4187 552 4266 κεχρῆσίαι
576 4187 776 4267 reperires:
806 4208 1002 4274 quamquam
1029 4188 1178 4255 Graeculi
1200 4193 1319 4277 passim
1347 4194 1485 4263 abutun-

297 4299 354 4355 tur
370 4289 521 4377 perlectis
543 4292 722 4374 κέχρημαι,
742 4291 885 4375 ἔσχηκα,
911 4293 1000 4372 aliis,
1023 4300 1132 4361 tamen
1150 4297 1283 4378 χρῆσύαι
1304 4302 1484 4385 genuinum

297 4414 368 4461 esse
396 4394 545 4463 arbitror.
566 4438 613 4451 -
642 4401 861 4464 ύσαιαλύσοε
897 4419 936 4465 ex
968 4399 1069 4486 ipsius
1103 4403 1262 4470 sententia
1286 4412 1318 4470 et
1349 4407 1503 4475 consilio·

298 4503 510 4568 καταιαλύσα
535 4503 777 4570 rescribendum
799 4513 857 4571 est.

339 4606 442 4695 Epist.
467 4613 519 4675 48.
547 4606 604 4688 ἦγε
628 4609 813 4689 συμπύσιοντ
851 4632 913 4678 non
937 4610 1057 4680 dicitur
1081 4619 1117 4678 ul
1140 4609 1231 4691 ἄγειν
1254 4617 1379 4698 ἑορτήν,
1403 4642 1477 4699 σχο-
