3309 5750
814 626 881 690 310

259 848 323 898 xero
340 867 379 878 -
395 822 578 904 βεβρῶκεις.
606 825 624 909 §
644 820 664 884 8
684 817 938 886 ἀναπλάττοντα
955 857 1003 872 --
1015 820 1207 903 προάγοντα.
1233 825 1253 910 S
1276 827 1323 892 23
1343 824 1444 907 πρόει·

260 957 308 1000 σιν
332 967 378 981 -
401 926 610 1007 ἐπιβουλεύει.
643 928 701 1004 46,
736 927 779 990 29
807 926 957 1009 ἐμφερεῖς
981 965 1028 977 -
1052 927 1195 1001 ἐοικότες.
1226 930 1317 1015 §30
1340 931 1443 998 όνειδθ·

260 1039 343 1121 ζουσι
358 1074 405 1085 -
417 1036 593 1113 λοιδοροῦσι.
618 1034 724 1111 47,10
745 1031 861 1109 τιμῶσί
882 1056 973 1109 με-
989 1030 1117 1113 πράττω
1131 1037 1206 1114 παρ’
1218 1037 1347 1111 αὐτοῖς.
1373 1040 1391 1123 §
1404 1042 1442 1104 34

260 1138 584 1210 κατεσκευάσατο-
606 1136 788 1218 εἰργάσατο.
827 1137 886 1215 51,
910 1140 954 1203 20
972 1141 1186 1215 τεθήπασι-
1201 1139 1441 1221 θαυμάσσεται,
1515 1223 1519 1232 Ι

262 1260 294 1314 et
322 1247 384 1313 alia
412 1244 507 1322 alibi,
532 1265 614 1332 quae
639 1240 768 1331 quidem
792 1241 910 1331 partim
930 1255 1005 1308 nata
1023 1255 1097 1309 sunt
1116 1265 1153 1310 ex
1172 1244 1441 1337 interpretatione
1514 1257 1516 1266 '

261 1352 410 1422 vocabuli
442 1348 631 1439 antiquioris
659 1359 691 1412 et
720 1346 946 1437 exquisitioris,
978 1348 1032 1414 sed
1053 1348 1207 1440 pleraque
1226 1362 1356 1419 temere
1373 1377 1441 1445 per·
1516 1399 1519 1429 ,-

261 1472 386 1529 mutata
416 1468 490 1522 sunt
518 1453 731 1520 electoribus
752 1465 784 1518 et
805 1454 934 1533 scribis;
958 1477 1024 1545 quo
1043 1454 1167 1519 cantius
1183 1458 1381 1525 versandum
1400 1472 1440 1528 est
1515 1455 1518 1466 ’

262 1568 297 1633 in
316 1566 373 1644 iis,
394 1584 477 1653 quae
498 1561 639 1650 aliquam
660 1558 940 1649 reprehensionem
958 1558 1092 1638 hebent,
1111 1583 1151 1625 ne
1163 1560 1320 1629 Luctare
1338 1565 1439 1657 impu·

263 1684 372 1739 tentur
402 1691 484 1759 quae
516 1667 570 1733 alii
593 1665 797 1757 peccaverint
824 1677 856 1760 et
876 1666 1037 1731 immerito
1056 1665 1219 1756 plectatur
1240 1668 1286 1732 ob
1306 1669 1438 1738 alienam

263 1777 451 1845 socordiam.
498 1772 536 1838 In
566 1773 676 1863 paucis
706 1771 897 1862 quibusdam
926 1784 1033 1838 tamen
1061 1786 1258 1839 correctores
1283 1776 1438 1867 scriptoris

266 1883 343 1949 vitia
362 1881 579 1959 sustulerunt,
597 1891 629 1944 et
649 1878 738 1968 quod
757 1880 909 1970 scriptum
923 1891 1109 1970 oportuerat
1126 1879 1166 1946 de
1187 1902 1246 1947 suo
1268 1880 1439 1965 dederunt,

263 2009 302 2053 er
331 2008 395 2076 quo
422 2007 538 2074 genere
568 1985 722 2050 nonnulla
750 1996 825 2050 sunt
846 2008 977 2064 eorum,
1001 2009 1083 2077 quae
1101 1988 1347 2078 proposuimus,
1368 1991 1436 2081 qui·

264 2092 325 2160 bus
358 2089 437 2155 haec
461 2089 619 2156 addantur
650 2093 707 2169 10,
732 2094 795 2167 25,
819 2093 839 2153 2
861 2092 891 2155 ε’ν
915 2094 958 2171 τῷ
981 2090 1054 2173 άδρ,
1081 2104 1279 2158 correctores
1301 2096 1334 2160 ἐν
1357 2094 1435 2179 ᾅδου.

266 2199 326 2275 13,
350 2196 370 2260 8
391 2194 564 2275 εἰσιόντων,
586 2195 634 2262 itti
655 2194 769 2261 melius
793 2194 928 2261 ciridano.
955 2197 1013 2273 14,
1038 2197 1080 2262 16
1101 2198 1220 2277 όμνθω,
1242 2199 1436 2281 11Ιὶθμνυμι.
1519 2267 1523 2284 ,

267 2307 325 2381 15,
350 2305 394 2366 20
417 2309 577 2381 πολυμισῆ
597 2302 686 2381 μέτει
711 2303 766 2375 τὴν
790 2300 931 2393 τέχνην,
956 2313 1119 2367 corrector
1137 2304 1294 2386 μετέρχῃ.
1319 2309 1379 2384 43,
1402 2308 1436 2371 ii

264 2407 457 2487 διαβιάσας,
480 2406 578 2473 iidem
598 2406 738 2485 διαβιοθς
760 2405 982 2472 emendarunt.
1015 2412 1076 2486 45,
1099 2409 1143 2474 30
1169 2418 1203 2474 et
1230 2411 1436 2493 (dictatore,

265 2535 430 2580 correxere
460 2514 630 2595 άνέῳκται.
665 2533 747 2601 quac
778 2512 853 2576 vitia
882 2512 980 2602 ipsius
1007 2535 1074 2578 esse
1104 2536 1164 2579 nee
1188 2516 1352 2583 merenda
1379 2539 1439 2586 ease

265 2620 307 2687 de
339 2620 407 2685 aliis
435 2619 500 2685 iam
532 2619 740 2697 ostendimus,
765 2617 806 2683 do
831 2619 963 2683 caeteris
983 2642 1057 2685 mor
1077 2620 1293 2690 ostendemus.
1343 2622 1440 2716 Ipsina

266 2738 374 2793 autern
404 2726 479 2791 sitia
509 2724 553 2790 sic
581 2722 869 2814 deprehenduntur
897 2726 923 2790 si
954 2739 1156 2817 compertum
1187 2743 1234 2796 est
1260 2742 1294 2796 et
1314 2732 1358 2797 ab
1377 2733 1440 2799 aliis

266 2832 457 2924 aequalibus
487 2832 532 2897 sic
560 2852 653 2921 saepe
680 2830 806 2920 peccori
834 2831 952 2912 solere,
978 2844 1011 2898 et
1037 2845 1083 2900 est
1106 2834 1266 2925 quaedam
1289 2838 1440 2929 peccandi

266 2938 520 3030 perseverantia,
554 2947 590 3001 ut
620 2936 742 3026 saepius
770 2937 803 3001 in
833 2938 944 3004 eadem
976 2961 1010 3003 rc
1039 2940 1205 3032 impingat.
1265 2942 1371 3028 Quale
1397 2959 1440 3013 ert
1530 2968 1533 3029 ξ

267 3043 357 3134 quod
385 3053 567 3107 constanter
593 3043 708 3106 errarit
728 3042 761 3105 in
782 3043 970 3121 διδάσκομαι
991 3057 1024 3109 et
1043 3047 1176 3114 διδάσκω
1198 3051 1440 3120 confundendis.
1531 3038 1533 3079 ἰ

266 3147 420 3224 Luctare
436 3145 569 3237 perinde
588 3158 635 3211 est
655 3157 768 3212 utrum·
780 3146 913 3213 διδάσκω
934 3150 1050 3216 scribat
1069 3175 1108 3216 an
1129 3152 1336 3234 διδάσκομαι,
1357 3159 1441 3250 qnasi

267 3253 351 3321 nibil
377 3253 554 3344 quidquam
581 3253 747 3320 interesset
773 3264 805 3319 et
828 3274 901 3318 usus
924 3267 1065 3322 veterum
1087 3280 1151 3323 non
1173 3270 1260 3339 certa
1279 3261 1349 3329 fide
1368 3286 1441 3331 con·
1531 3266 1533 3293 ²

266 3372 384 3440 staret,
400 3359 441 3424 de
457 3379 519 3447 qua
537 3380 570 3423 rc
589 3357 738 3423 dixerunt
759 3357 956 3426 fluusrrttu.
976 3359 1016 3425 ad
1035 3361 1174 3428 Plutum
1191 3387 1222 3454 p.
1241 3367 1270 3430 4.
1290 3367 1442 3438 Vaccu-

268 3483 365 3534 carn.
394 3463 433 3531 ad
463 3461 595 3530 burron.
624 3488 656 3554 p.
688 3467 731 3530 70
761 3465 936 3531 Rnnrrnr.
967 3464 1007 3531 ad
1038 3467 1112 3534 Τιιι.
1138 3492 1171 3559 p.
1201 3473 1255 3536 83.
1285 3474 1441 3553 διδάσκει,

268 3570 408 3637 παιδεύει
432 3569 446 3634 θ
471 3570 675 3653 διδάσκαλος,
708 3569 721 3633 ό
753 3574 858 3652 πατὴρ
884 3571 935 3638 διά
962 3577 1016 3639 τοῦ
1042 3574 1230 3640 διδασκάλου
1260 3577 1441 3648 διδάσκεται

149 3739 156 3757 ,
267 3675 332 3744 sire
361 3674 563 3750 παιδεύεται,
585 3675 629 3741 ita
649 3687 755 3742 tamen
779 3689 814 3741 ut
834 3676 971 3743 subinde
991 3678 1144 3745 διδάσκειν
1163 3704 1223 3771 pro
1242 3683 1442 3754 διδάσκεσθαι

268 3793 425 3874 ponatur,
458 3781 610 3872 quoniam
635 3783 725 3871 quod
742 3786 821 3871 quio
833 3808 901 3884 per
919 3787 1024 3852 alium
1035 3788 1146 3874 sarit,
1174 3790 1214 3854 id
1229 3793 1443 3880 praefocasse

267 3891 420 3967 uidetur,
443 3899 475 3953 ct
494 3889 658 3955 communi
680 3910 738 3953 usu
747 3890 877 3974 seea'cce
894 3891 1030 3969 dicitur,
1051 3915 1115 3958 non
1133 3906 1262 3974 contra,
1278 3908 1311 3961 et
1333 3898 1443 3965 absur-

265 3995 346 4059 dum
376 4004 422 4084 est
453 3991 652 4057 διδάσκεσθαι
686 3993 793 4058 dicere
822 3992 863 4058 de
884 4017 942 4091 eo,
966 3997 1022 4085 qui
1042 4019 1137 4086 quem
1158 3998 1224 4089 ipse
1245 3998 1363 4084 docet,
1384 4027 1442 4095 pro

267 4099 433 4166 διδάσκειν.
481 4095 552 4159 Duo
582 4106 706 4161 tantum
738 4110 812 4162 sunt
839 4098 924 4188 apud
950 4101 1118 4192 scriptores
1140 4104 1261 4171 Atticos
1281 4106 1364 4189 loci,
1387 4111 1443 4202 qni
1534 4148 1536 4175 ι

268 4202 354 4269 banc
382 4201 488 4288 legem
517 4198 656 4279 riolant,
681 4200 763 4267 alter
783 4203 947 4272 Ptrrorrs
967 4219 1013 4272 est
1031 4208 1073 4273 de
1092 4208 1175 4299 Rep.
1195 4208 1250 4277 lt.
1264 4236 1297 4303 p.
1319 4217 1399 4283 421.
1416 4235 1445 4284 1.

268 4309 339 4380 τοὺς
355 4308 430 4377 υἱεῖς
448 4306 464 4382 ἢ
484 4303 533 4379 οὓς
552 4305 590 4372 ἂν
606 4306 734 4389 διδάσκει
748 4309 871 4391 χείρους
887 4312 1087 4394 δημιουργοὺς
1103 4313 1281 4392 διδάξεται,
1307 4324 1444 4390 emenda
1541 4296 1543 4309 Ι

268 4411 408 4491 διδάξει,
433 4409 520 4500 quod
547 4411 579 4477 in
600 4410 706 4494 διδάξῃ
724 4411 933 4504 depravatum
950 4416 984 4481 in
999 4417 1109 4482 multis
1128 4417 1218 4484 libris
1234 4444 1295 4511 pro
1312 4425 1443 4508 διδάσκει

268 4517 411 4611 irrepsit,
436 4515 516 4582 alter
542 4517 786 4585 dnrsroruams
809 4533 856 4586 est
879 4522 912 4588 in
935 4523 1085 4589 Nubibus
1108 4545 1151 4589 rs.
1176 4528 1252 4592 783.
1276 4567 1279 4576 ·

364 4647 380 4697 J
470 4623 583 4697 ὑθλεῖς.
608 4621 726 4705 ἄπερρ’,
750 4627 804 4690 οὐκ
827 4625 867 4690 άν
891 4627 1079 4707 διδαξαίμιιν
1101 4631 1131 4694 τ’
1155 4628 1213 4698 ἔτι.

270 4753 367 4822 quem
396 4729 535 4805 restituit
563 4730 718 4797 urasrrr
743 4729 784 4796 ad
803 4730 960 4798 Medeam
982 4755 1027 4798 rr.
1047 4738 1122 4802 290.
1146 4740 1200 4803 οὐκ
1222 4738 1269 4805 ἂν·
1282 4739 1445 4821 διδάξαιμ’
