3309 5750
868 664 908 728 ΞΒ

298 839 425 906 inerant
456 841 488 905 in
513 859 595 907 usu:
623 843 714 920 dud,
738 850 850 919 καλῶ,
873 849 979 918 τελῶ,
1002 846 1121 919 γαμῶ,
1146 842 1227 917 ὀλῶ,
1262 851 1359 925 κυρῶ,
1384 853 1490 928 noun,

298 948 430 1029 αμφιῶ,
449 951 647 1029 μαχοῦμαι,
671 955 702 1013 el
726 949 810 1022 ἐλῶ,
832 948 936 1025 βιβῶ,
958 960 1081 1028 κρεμὼ,
1106 956 1214 1023 roardo,
1238 958 1337 1030 κερῶ,
1360 952 1488 1027 exedum

298 1063 405 1119 σελώε
431 1053 552 1117 rariora
573 1059 649 1117 sunt
672 1061 755 1117 καλῶ
767 1060 798 1116 et
814 1064 978 1128 noudum:
1003 1052 1200 1136 singularia,
1226 1054 1316 1119 nobis
1338 1055 1490 1141 quidem,

300 1154 399 1233 ἕξετῶ
422 1156 506 1244 apud
534 1157 701 1223 lsoemrmr
726 1177 755 1242 n.
782 1161 856 1221 195.
884 1177 911 1221 e.
932 1157 1002 1222 eoll.
1027 1158 1156 1221 Antiati.
1183 1161 1318 1224 Breuem
1347 1181 1377 1246 p.
1399 1166 1491 1240 251,

300 1266 353 1328 δέ.
382 1271 413 1329 et
444 1271 560 1329 σασκιῶ
589 1262 621 1326 ἰιι
645 1260 808 1327 Sornoems
845 1260 949 1346 Oedqr.
977 1262 1079 1327 Color.
1110 1283 1155 1327 ιε.
1177 1267 1254 1328 406.
1299 1265 1356 1329 llis
1385 1268 1492 1351 igilur

253 1393 258 1401 ·
299 1366 413 1434 formis
445 1367 541 1433 Arria·
563 1366 638 1431 sotir
661 1365 852 1443 utebantur,
874 1375 910 1431 ut
936 1387 1112 1453 numquam
1141 1370 1312 1455 quisquam
1339 1373 1490 1452 καλέσω,

296 1474 465 1540 διατελέσαι
490 1481 545 1539 aut
566 1469 715 1537 similiter
740 1471 884 1548 diceret,
906 1492 1008 1558 neque
1039 1472 1157 1549 ε’λάσω,
1179 1475 1330 1553 βιβασω.
1354 1478 1486 1546 πετάσια

297 1588 354 1646 aut
373 1577 548 1666 quidquam
571 1576 778 1654 demetens,
801 1595 909 1662 neque·
929 1574 1010 1642 adeo'
1029 1580 1204 1658 ααλέσσμαι
1217 1582 1486 1661 αηιαιαβιβασσ-

295 1710 354 1765 μαι
379 1692 435 1749 aut
463 1682 550 1747 aliud
570 1679 647 1767 quid
673 1680 859 1747 huiusmodi
887 1689 975 1747 esset·
994 1682 1027 1746 in
1058 1702 1129 1748 usu.
1177 1685 1487 1754 Animadverti-lias

295 1791 416 1855 formas
439 1790 503 1852 iam
535 1787 608 1851 olim
643 1786 805 1853 interiisse
828 1794 859 1853 et
883 1788 1142 1873 antiquissimam
1171 1809 1241 1856 esse
1268 1790 1397 1869 labem,-
1418 1811 1484 1879 qua

295 1895 436 1972 καλέσω,
467 1893 664 1972 καλέσομαι,
687 1892 837 1973 βιβασω,
870 1893 1072 1972 βιβασαααι,
1107 1895 1232 1973 έλσὶσω,
1249 1896 1431 1964 armana·
1449 1906 1483 1966 et

294 1999 414 2066 similia
431 1987 542 2064 omnes
563 2000 725 2085 coeperint
746 1998 853 2064 dicere
877 2007 909 2064 et
930 1998 1080 2064 seribere.
1124 2001 1206 2066 Hinc
1226 2000 1348 2067 laetum
1376 2009 1425 2069 eat
1444 2009 1482 2069 ut

292 2126 392 2172 norae
421 2104 541 2170 lormae
568 2104 686 2190 passim
714 2103 923 2189 subreperent
956 2105 988 2168 in
1013 2104 1220 2190 antiquarum
1237 2106 1371 2184 ¹sedem,
1394 2108 1481 2174 unde

293 2205 441 2297 sequitur
456 2209 655 2276 restituenda
686 2227 754 2275 esse
779 2208 898 2295 ubique
932 2209 1074 2275 locorum
1099 2229 1181 2295 quaa
1200 2220 1325 2278 constet
1344 2215 1423 2279 vitio
1445 2219 1479 2279 et

292 2315 406 2382 fraude
427 2335 497 2381 esse
529 2315 569 2381 de
592 2314 660 2381 loeo
689 2314 822 2380 deiecta.
871 2316 983 2403 ltaque
1003 2314 1145 2392 καλέσω,
1169 2325 1205 2381 ut
1226 2316 1285 2383 hoe
1303 2325 1399 2395 utar,
1422 2337 1480 2384 uu·

292 2420 388 2509 dique
420 2429 469 2488 'est
494 2419 737 2508 expellendum,
771 2440 835 2506 quo
878 2420 961 2486 male
993 2420 1105 2506 pedem
1142 2421 1253 2486 intulit
1289 2421 1366 2510 (nisi
1398 2422 1480 2490 sorte

292 2528 517 2595 coniunctirus
542 2528 604 2605 sit,
631 2535 665 2592 ut
687 2525 771 2612 apud
801 2524 977 2591 Sornocuru
1001 2526 1034 2591 in
1055 2525 1190 2591 Platori.
1215 2530 1323 2606 1452,
1363 2561 1365 2566 ·

571 2633 647 2716 φέρε
672 2655 722 2697 νυν
742 2633 856 2713 ςείχων
875 2634 979 2725 χώραν
1007 2630 1141 2696 καλέσω.

291 2745 322 2807 et
344 2740 377 2804 in
399 2738 618 2804 Amsrornaaus
638 2736 732 2802 Pluto
750 2739 834 2815 960,
918 2767 920 2773 ·

566 2842 641 2926 φέρε
661 2865 711 2908 vua
732 2844 791 2921 ἐγὼ
816 2847 875 2908 τῶν
899 2842 1010 2908 ἔνδοθεν
1032 2841 1156 2907 καλέσω
1176 2842 1257 2910 τινα.
1428 2869 1455 2907 ·-ι

290 2956 322 3015 et
343 2946 477 3036 Lysinia.
500 2950 561 3013 851
588 2956 620 3013 et
644 2944 722 3034 864)
754 2955 786 3013 et
809 2950 996 3026 ἐγκαλέσει,
1018 2949 1477 3040 ἕσικαλέσσααι,·διατελέσα,

287 3074 369 3143 quae
401 3042 574 3138 aliquoties·
601 3054 633 3118 in
664 3052 801 3118 Paaroun
832 3062 864 3118 et
897 3051 1084 3118 Oratoribus
1117 3065 1148 3119 et
1171 3057 1242 3120 aliis
1277 3067 1475 3137 occurrunt,

286 3148 375 3227 eerta
408 3158 630 3225 emendatione
659 3156 846 3243 relegenda
880 3168 956 3223 sunt
991 3158 1031 3223 ad
1067 3170 1267 3226 constantem
1303 3170 1335 3227 et
1366 3174 1475 3251 perpe·

287 3254 381 3331 luunr
413 3263 722 3330 Attieorrrm'usum.
778 3262 845 3328 Non
880 3265 984 3349 magia
1015 3266 1210 3350 parcendum
1247 3274 1297 3332 est
1327 3270 1473 3336 soloecis·

284 3372 369 3449 mis,
392 3368 503 3458 quales
526 3377 603 3436 sunt
626 3369 776 3450 βιβασα,
800 3370 1028 3452 σιροσβιβασα,
1050 3373 1293 3451 ἀναβιβάσομαι
1314 3383 1400 3453 ete.‚·
1418 3377 1474 3463 qui

283 3477 480 3565 ubicumque
505 3474 589 3564 apud
610 3485 734 3542 veteres
757 3475 926 3560 leguntur,
953 3478 1181 3543 Graeculorum
1206 3480 1285 3542 vitio
1305 3479 1473 3563 leguntur,

282 3604 346 3649 non
375 3584 570 3650 Graecorum.
625 3580 660 3646 ln
692 3584 799 3647 animo
823 3592 873 3646 est
900 3582 1072 3647 Atticorum
1103 3583 1208 3659 loeas,
1242 3585 1296 3668 qui
1330 3584 1393 3649 huo
1429 3586 1473 3653 la-

283 3690 391 3762 eiaut,
429 3687 600 3771 diligenter
627 3685 775 3750 collectos
798 3687 885 3751 inter
914 3706 948 3751 se
974 3700 1163 3771 eomqtnnere
1188 3698 1219 3753 et
1251 3689 1472 3758 demonstrare

281 3793 481 3878 sumpturae,
510 3806 590 3875 quas
617 3788 817 3875 improbem,
846 3808 908 3854 non
935 3810 1004 3856 esse
1028 3793 1178 3878 antiquas
1209 3803 1271 3858 aut·
1292 3814 1398 3861 aanas=
1416 3798 1471 3864 aed

281 3890 479 3984 antiquis'ei
500 3892 586 3984 sanis
609 3893 812 3959 substitutas.
860 3896 981 3961 Poterit
1005 3898 1064 3962 sini
1095 3899 1231 3983 quisque
1256 3900 1340 3964 inter
1363 3901 1470 3987 legen·

280 4001 358 4068 dum
393 3988 674 4084 iaeile'explorare
703 3999 821 4066 satisne
845 4020 957 4066 rerum
978 4012 1009 4068 et
1034 4012 1159 4068 eertum
1184 4005 1248 4077 sit,
1267 4007 1367 4090 quod
1384 4028 1469 4077 num

280 4106 392 4195 paneis
416 4122 601 4190 expromam
626 4111 658 4169 et
689 4104 846 4170 eiusmodi
875 4114 943 4181 est,
977 4116 1013 4173 ut
1044 4128 1114 4173 eam
1145 4114 1395 4179 controversiam
1422 4117 1468 4182 rel

278 4211 383 4279 solum
402 4209 555 4276 dirimere
570 4210 680 4295 possit.
705 4208 863 4286 librarii,
881 4214 1046 4296 magistri,
1072 4215 1207 4280 lectores
1226 4234 1323 4282 omne
1345 4239 1469 4303 genua,

277 4316 333 4405 qui
357 4323 481 4382 veteres
504 4313 623 4379 formas
654 4314 874 4402 expellebant,
900 4317 1083 4405 ulricnnque
1113 4340 1173 4385 non
1198 4322 1276 4386 satis
1295 4327 1467 4408 apparebat

278 4421 381 4488 laturi
406 4419 558 4505 {eorporis
581 4438 633 4484 eas
659 4420 777 4486 iomras
799 4442 886 4499 esse,
907 4444 1021 4490 manus
1041 4425 1261 4499 noannoeane
1287 4433 1467 4513 praesentis

278 4512 431 4617 temporis
462 4526 531 4590 eu'se
561 4519 829 4611 strapieanlur'et'
857 4537 986 4593 serrant
1010 4530 1169 4609 intactam,
1189 4531 1358 4601 ulri‘ztatoi
1386 4554 1464 4605 r.·'-e.

274 4630 421 4699 laturum
453 4650 521 4697 esse
545 4630 728 4716 intelligunt
760 4632 790 4696 in
816 4633 938 4699 καλέσω
964 4633 1149 4720 relinqunt,
1183 4637 1237 4702 uli
1262 4658 1325 4704 non
1351 4641 1465 4709 intelli·

273 4728 353 4824 gunt
374 4736 452 4805 nihil
477 4744 619 4807 movent.
668 4738 770 4806 Loeus
791 4744 838 4804 est
860 4738 896 4802 in
921 4739 1082 4807 Arsemms
1109 4741 1311 4825 Timarclen,
1336 4745 1391 4813 uiri
1416 4747 1465 4814 lrls
