3309 5750
869 627 935 691 394

311 826 385 888 cias
413 818 660 887 Strabonem
687 842 757 912 pag.
788 820 864 888 18⁷.
893 818 1081 886 Numanus
1107 816 1276 883 existimat
1303 816 1486 892 credundum

311 950 379 993 esse
409 927 611 992 Errnosooo
640 926 780 1007 nisano,
812 926 871 1018 qui
894 948 965 1017 pag
989 928 1074 1004 477,
1100 926 1153 991 10.
1187 924 1225 989 in
1255 920 1348 1002 ῖοος,
1383 926 1487 1019 inquit,

311 1032 436 1115 εὔριποι
454 1032 489 1096 τὸ
514 1055 523 1095 ι
543 1031 661 1112 μικρὸν
688 1032 741 1097 nal
761 1032 885 1113 βραχύ.
906 1031 994 1114 παρὰ
1014 1032 1073 1111 μὲν
1088 1031 1133 1113 πῷ
1155 1040 1277 1114 ποιητῇ
1299 1031 1355 1097 aial
1373 1037 1486 1117 μικρὸν,

309 1138 396 1221 παρὰ
423 1138 454 1203 δὲ
477 1145 542 1208 τοῖς
565 1136 746 1220 πεζολόγοις
768 1136 899 1218 βραχύ,
923 1136 976 1202 sai
1001 1133 1090 1215 παρὰ
1105 1141 1171 1207 τοῖς
1188 1135 1359 1209 ἐποποιοῖς
1380 1137 1486 1222 εὕρηται

309 1244 364 1308 seul
391 1242 639 1321 ουνεοιιλμέκιν,
664 1243 703 1314 ὥς
731 1242 819 1325 παρὰ
849 1239 1074 1322 Καλλιμάχῳ,
1106 1238 1197 1320 παρὰ
1224 1238 1261 1304 δὲ
1292 1248 1366 1313 τοῖς
1395 1267 1487 1325 προγι-

311 1356 375 1420 κοῖς
409 1347 462 1412 κιιὶ
497 1356 643 1426 κωμικοῖς
679 1347 870 1415 ovetensem
907 1348 957 1413 ciel
994 1348 1030 1411 τὸ
1064 1370 1091 1429 ι,
1127 1343 1216 1409 κατὰ
1255 1344 1292 1410 δὲ
1332 1347 1487 1426 impediaris

313 1452 571 1535 ἕπομφιτοιίζει.
619 1452 791 1543 Descripsit
822 1452 903 1529 haec
932 1451 1039 1519 omnia
1063 1471 1101 1517 eu
1126 1448 1298 1516 Dsrconr
1321 1449 1489 1522 Suesson-

315 1575 424 1638 cunss,
449 1557 580 1624 indocto
608 1571 640 1625 et
665 1561 814 1651 imperito
840 1557 1290 1651 homine,pag.49ll1111.
1337 1559 1440 1627 Addit
1456 1560 1489 1627 liis

314 1664 396 1731 nlius
415 1666 565 1756 magister
585 1667 617 1732 in
644 1668 826 1734 Garsrouul
846 1680 937 1734 uota.
959 1667 1039 1736 ῖςέον
1064 1666 1096 1731 δὲ
1119 1662 1167 1729 ὅτι
1194 1664 1292 1747 napa
1316 1675 1391 1740 τοῖς
1415 1692 1488 1749 κομι

311 1779 376 1843 κοῖς
400 1771 537 1843 σπανίως
565 1771 740 1852 εὑρίσκεται
763 1775 863 1838 ἐκπειι
865 1773 972 1852 έμενον
990 1772 1026 1837 τὸ
1054 1765 1310 1859 r.0pponam
1331 1769 1387 1838 his
1407 1796 1487 1840 mean

317 1876 523 1941 sententiam:
564 1897 629 1941 non
663 1877 795 1943 suerunt
823 1877 909 1969 apud
940 1876 1095 1955 Graecos,
1128 1874 1208 1941 dum
1240 1875 1365 1968 lingua
1396 1879 1488 1947 Graeca

316 1981 422 2046 natira
441 1982 537 2059 sirit,
562 1982 686 2048 vocales
706 1983 792 2048 ullae
810 1984 1132 2067 ἐπομφοιερῖζοιιοιιι.
1177 1979 1249 2047 Sua
1270 1984 1403 2077 cuique
1419 2009 1488 2053 men·

319 2109 390 2151 sura
418 2086 451 2151 in
477 2110 532 2152 sua
557 2087 659 2177 patria
680 2100 712 2154 et
730 2111 808 2156 aero
830 2101 988 2181 perpetuo
1008 2099 1149 2167 constat,
1172 2086 1232 2154 sed
1253 2086 1383 2157 diuersi
1402 2090 1488 2183 popul

317 2192 452 2259 subinde
477 2189 612 2259 ntunt'ur
639 2194 789 2285 prosodia
817 2195 960 2261 eiusdem
990 2191 1142 2261 vocabuli
1165 2191 1308 2260 diuersa.
1362 2195 1403 2262 In
1422 2196 1487 2263 lonis

316 2297 414 2371 ιιιιιιδς
445 2298 613 2365 trochaeus
642 2313 708 2381 est,
736 2302 770 2367 in
792 2300 897 2367 Attica
918 2299 1136 2393 pyrrhichius:
1160 2298 1281 2367 eadem
1304 2314 1360 2369 est
1378 2303 1487 2369 ratioin

315 2397 400 2479 ἶσος,
437 2405 524 2496 quod
548 2404 693 2473 Ionicum
722 2419 786 2486 est,
813 2425 846 2473 et
873 2407 937 2480 ῖσος
966 2406 1160 2473 Atticorum.
1206 2405 1410 2500 Numquam
1431 2408 1488 2474 laos

316 2523 542 2600 permutantur
570 2523 627 2577 aut
653 2514 836 2580 miscentur.
883 2511 1052 2578 Ridiculus
1081 2521 1129 2577 est
1154 2508 1189 2576 in
1217 2509 1343 2595 Ionia,
1369 2515 1487 2607 quilror

314 2614 470 2683 admiscet
488 2618 593 2683 verbis
609 2617 744 2697 Ionicis,
763 2619 796 2683 in
816 2617 937 2697 Attica,
955 2619 1012 2709 qui
1029 2615 1094 2691 ἶσος
1114 2613 1242 2683 Atticis.
1279 2618 1404 2712 Itaque
1422 2616 1487 2712 apud

316 2720 488 2788 Honorum!
508 2720 573 2796 loon
593 2736 785 2814 perpetuum
810 2736 843 2790 et
865 2735 988 2791 certum
1009 2735 1078 2804 est,
1107 2734 1139 2788 et
1164 2726 1355 2815 composita
1381 2730 1487 2806 tedae,

316 2827 470 2910 ῖοόμιρις,
488 2827 640 2903 ἰσόπεδον,
658 2829 814 2912 tetdonis,
840 2831 1030 2914 ἰσοφαρίζειν
1052 2828 1174 2920 ubique
1192 2830 1342 2921 primam
1363 2856 1488 2903 neeesu·

318 2935 367 3000 rio
382 2934 575 3025 producunt.
600 2931 717 2998 Contra
740 2933 772 2997 in
794 2956 938 3000 sermone
953 2935 1079 3015 Attico,
1094 2956 1159 3027 quo
1180 2956 1298 3003 omnes
1320 2939 1490 3007 Atticiute

317 3039 451 3116 bantur,
470 3039 533 3110 ἴοις
555 3059 681 3128 semper
700 3050 732 3104 et
752 3037 874 3129 ubique
889 3040 1028 3131 priorem
1050 3041 1148 3131 habet
1166 3057 1370 3135 correptam.
1387 3046 1490 3136 lingua

288 3158 291 3165 '
317 3144 507 3223 artificialis,
526 3167 588 3235 qna
608 3142 695 3209 docti
707 3153 822 3236 poetae
836 3157 979 3226 utuntur,
999 3159 1169 3238 utramque
1190 3147 1379 3220 dialectum
1397 3153 1491 3219 miscet

316 3253 350 3317 in
372 3273 486 3327 unum,
505 3263 537 3316 et
559 3250 698 3340 Tragici,
722 3264 757 3317 nt
774 3250 838 3317 hoc
859 3263 944 3331 utar,
969 3251 1246 3343 quemadmodum
1270 3255 1310 3322 iu
1333 3258 1490 3325 verborum

318 3358 446 3424 delectu
467 3355 574 3422 lonica
598 3369 630 3422 et
649 3357 753 3423 Attica
779 3381 837 3424 sno
856 3357 1012 3423 arbitratu
1028 3357 1211 3450 promiscua
1233 3377 1367 3450 ponere
1385 3363 1493 3439 solent,

320 3466 364 3530 sic
381 3476 515 3530 utuntur
530 3461 679 3554 prosodia
697 3464 864 3543 utralibet,
880 3463 978 3530 modo
997 3458 1121 3544 Ionica,
1135 3461 1235 3530 modo
1251 3468 1421 3558 populari
1443 3468 1493 3534 lla·

320 3569 393 3636 dem
411 3581 457 3636 est
476 3569 555 3635 ratio
566 3592 697 3648 eorum,
714 3594 793 3661 quos
805 3570 923 3636 unico
934 3571 1102 3650 ἱιιμβικοὺς
1113 3569 1260 3661 appellat
1278 3585 1314 3638 et
1329 3573 1492 3652 droconis,

321 3675 490 3743 eudem-est
501 3675 973 3764 Lyricorum,uthellissimum
985 3675 1139 3767 quodque
1149 3675 1299 3744 delibant
1311 3700 1353 3747 ex
1365 3675 1496 3747 dialectis

319 3783 460 3849 dirersis.
494 3780 581 3865 Quos
607 3780 692 3847 dicat
715 3782 903 3866 πεζοιόγους
926 3794 958 3848 et
980 3782 1143 3872 quomodo
1163 3780 1205 3848 de
1224 3805 1346 3854 eorum
1364 3806 1426 3853 usu
1441 3797 1494 3852 tan

322 3887 521 3953 confidenter
540 3888 747 3976 pronuntiare
767 3887 849 3953 ausit
867 3910 933 3952 non
953 3887 1026 3952 satis
1046 3887 1253 3978 perspicuum
1274 3902 1347 3971 est,
1366 3892 1494 3961 sednon

322 4004 369 4058 est
405 4014 519 4081 operae
555 3992 695 4080 pretium
729 3993 761 4056 in
794 3993 974 4059 istiusmodi
1004 3994 1139 4059 metrico
1167 3992 1201 4059 id
1230 3989 1334 4063 seire
1385 3997 1494 4077 credo,

319 4096 485 4178 πεζοκόγοι
512 4092 606 4159 lones
626 4093 766 4161 Ionicum
778 4145 787 4176 ,
812 4096 911 4162 Attici
932 4097 1072 4166 Atticam
1094 4094 1369 4172 consuetudinem
1391 4126 1495 4197 seque·

323 4202 448 4266 bantur.
496 4199 612 4292 ltaque
640 4203 724 4269 molo
751 4203 837 4295 apud
866 4204 1079 4274 Iluuonornn
1105 4207 1211 4275 editur
1237 4207 1263 4275 1.
1290 4213 1327 4279 2.
1349 4205 1410 4279 ῖιοι
1431 4213 1493 4296 πρὸς

322 4307 397 4381 ios,
418 4319 473 4371 aut
495 4306 548 4375 Vl.
570 4311 622 4376 11.
653 4309 723 4374 θεῶν
750 4310 794 4375 τὰ
824 4309 880 4376 ἴσοι
905 4312 1075 4392 νεμόντων,
1106 4326 1140 4380 et
1167 4313 1260 4395 alibi,
1282 4340 1348 4409 pro
1375 4315 1495 4385 lumin

322 4412 473 4491 caeteris,
497 4413 553 4502 qui
579 4413 679 4480 Attici
700 4427 773 4481 sont
792 4429 848 4482 aut
870 4417 993 4485 Atticos
1011 4421 1196 4500 imitantur,
1216 4423 1408 4514 saepissime
1427 4425 1496 4494 scri·

324 4515 424 4587 bae
409 4541 465 4586 ιοιι
483 4520 680 4610 negligenter
697 4544 757 4612 pro
777 4521 833 4587 ῖσιι
854 4521 930 4588 dare
948 4527 1052 4592 solent
1072 4539 1104 4593 et
1126 4535 1222 4594 eICA
1240 4527 1326 4597 adeo
1349 4533 1497 4618 scribere,

322 4624 410 4693 unde
439 4625 559 4692 lactum
588 4640 635 4693 est
666 4639 701 4693 ut
721 4625 809 4701 sic“
786 4652 809 4692 οι
836 4652 895 4719 pro
922 4626 979 4696 ἶσοι
1006 4630 1086 4720 (loa)
1106 4631 1288 4722 legeretur,
1312 4650 1353 4705 ut
1370 4662 1443 4732 pag
1460 4640 1495 4705 95

324 4732 531 4802 ostendimus.
577 4731 624 4798 Ειι
653 4731 702 4798 his
732 4733 877 4823 sequitur
902 4724 986 4826 apud
1016 4734 1164 4803 Comicus
1181 4737 1246 4813 ἴοις
1268 4753 1302 4809 et
1323 4746 1496 4839 composite
