3309 5750
213 2251 263 2317 Ad
290 2250 475 2316 medicinam
496 2253 609 2319 melius
632 2261 661 2319 et
691 2252 805 2319 certius
837 2251 1045 2341 factitandum
1075 2272 1137 2316 uou
1166 2249 1362 2316 mediocriter

166 2356 248 2419 utile
275 2363 321 2417 cst
343 2353 419 2418 scire
438 2356 548 2439 quibus
570 2359 604 2421 iu
627 2358 719 2424 rebus
736 2359 765 2424 is
784 2359 840 2445 qui
862 2365 1001 2445 aaarotat
1022 2377 1151 2442 peccaro
1174 2355 1284 2421 solitus
1304 2356 1363 2433 sit,

168 2478 231 2545 quo
264 2465 293 2520 et
314 2476 407 2521 causa
429 2459 528 2523 morlu‘
552 2461 678 2541 facilius
703 2465 877 2551 reperiatur
900 2474 929 2529 et
957 2463 998 2527 ad
1022 2484 1092 2528 earu
1116 2460 1260 2527 medendi
1283 2459 1363 2525 ratio

166 2560 428 2629 accommodetur.
478 2562 530 2629 Sic
553 2573 581 2629 ct
606 2564 667 2643 iis,
691 2569 745 2653 qui
766 2589 798 2633 sa
822 2577 959 2633 veterum
979 2568 1166 2652 scriptorum
1190 2565 1281 2651 quasi
1301 2585 1363 2631 me·

165 2668 253 2733 dicos
278 2666 429 2753 quosdam
452 2689 518 2733 esse
533 2669 741 2755 profiteatur,
765 2694 855 2737 uosse
875 2673 998 2760 expedit
1026 2672 1139 2758 quibus
1164 2670 1362 2757 potissimum

162 2772 265 2838 modis
287 2781 405 2837 ueteres
426 2772 553 2839 librarii
565 2795 697 2861 peccaro
715 2776 797 2840 soliti
817 2776 898 2852 siut,
924 2788 958 2842 ut
982 2777 1109 2843 latentia
1133 2776 1257 2853 ulcero,
1280 2795 1362 2861 quoe

162 2878 198 2944 iu
214 2878 341 2964 optimis
359 2879 531 2965 quibusque
554 2881 758 2965 scriptoribus
777 2882 1005 2961 irioeteraruut,
1029 2882 1172 2969 saaacius
1195 2879 1364 2966 depredari·

167 2985 253 3050 daut.
292 2983 376 3049 Haec
394 2983 557 3070 praelatus
575 2986 720 3052 Mnnnrns
739 2988 773 3052 in
801 2987 903 3053 Variis
917 2987 1115 3054 Lectionibus
1135 2987 1219 3054 XVI.
1243 2989 1283 3053 16
1300 2986 1365 3053 exi·

168 3090 251 3155 inias
276 3088 432 3175 quasdam
461 3093 637 3176 expromsit
660 3092 920 3170 emendationes,
951 3113 1033 3180 quas
1065 3113 1105 3158 ex
1134 3091 1282 3178 diligenti
1311 3090 1365 3158 oh·

167 3195 348 3273 servatione
379 3202 524 3262 veterum
554 3196 701 3264 codicum
732 3219 794 3264 non
822 3199 944 3285 reperit
975 3206 1033 3264 aut
1052 3196 1263 3282 excogitavit,
1288 3216 1363 3262 nani

168 3298 247 3365 haec
270 3318 396 3385 quoque
427 3302 624 3380 πουλυμαθίη
649 3303 712 3368 νόον
742 3307 776 3369 οὐ
797 3302 957 3376 διδάσκει,
985 3302 1040 3367 sed
1066 3310 1131 3367 tarn
1150 3308 1256 3368 certas
1275 3299 1365 3367 dedit

170 3411 203 3468 et
232 3402 435 3488 exploratas,
470 3412 506 3469 nt
537 3426 577 3470 ne
609 3406 786 3472 Ginssinss
819 3406 950 3492 quidem
984 3404 1134 3471 dubitare
1157 3407 1267 3492 possit.
1315 3406 1364 3472 Ex

171 3506 283 3575 eodem
303 3508 562 3576 observationum
582 3529 698 3594 genere
719 3517 755 3574 ut
775 3511 913 3595 quisque
935 3509 1113 3596 plurimum
1136 3509 1251 3574 critica
1271 3516 1363 3584 arte,

169 3613 275 3680 idest
301 3623 396 3680 acuto
431 3614 551 3680 iudicio
585 3622 617 3679 et
646 3613 827 3679 eruditione
851 3634 929 3680 sana
954 3612 1077 3691 valuit,
1098 3613 1143 3678 ita
1165 3610 1304 3697 plurima
1321 3611 1364 3676 le·
1426 3699 1431 3707 .

155 3718 276 3811 ‘liciter
301 3728 333 3785 et
363 3721 528 3806 ingeniose
561 3727 688 3806 reperta
714 3727 779 3784 tam
805 3727 893 3785 certa
917 3726 949 3784 et
980 3715 1152 3784 manifesta
1185 3715 1295 3793 dedit,
1328 3725 1367 3782 ut

169 3844 263 3890 nenio
276 3825 318 3889 sit
343 3823 474 3890 criticae
493 3825 710 3891 emendatriais
726 3832 758 3891 et
775 3824 991 3891 coniecturalis
1003 3876 1012 3904 ‚
1024 3844 1123 3911 quam
1143 3829 1273 3900 vocant,
1294 3831 1363 3889 tam

168 3948 243 3995 acer
268 3928 482 4006 obtrectator,
503 3931 581 4017 quin
602 3931 642 3996 iis
666 3931 890 3998 lubentissime
910 3930 1079 3998 nobiscum
1101 3938 1224 3997 utatur.
1268 3928 1364 3993 »Ceu-

170 4039 236 4098 tum
256 4033 423 4100 minimum
445 4035 577 4101 diversis
603 4035 719 4115 modis,
750 4045 786 4102 nt
819 4037 932 4104 scribit
956 4037 1222 4110 Vnmnnnisnins,
1246 4032 1363 4100 innoc

169 4159 296 4226 qnoque
316 4159 434 4224 genere
462 4160 610 4207 summus
630 4141 746 4208 artilex
766 4142 811 4231 (in
831 4142 933 4207 Diatr.
959 4162 989 4227 p.
1016 4140 1117 4229 277),
1137 4147 1306 4226 peccarunt
1325 4138 1362 4203 t·-

170 4245 268 4310 brorii
290 4254 423 4323 ueteres,
447 4267 523 4333 quos
545 4267 650 4312 omues
674 4249 708 4314 iu
731 4257 892 4313 numerato
916 4246 1060 4312 tabuisse
1080 4265 1228 4332 maqaam
1255 4243 1360 4331 adfert

168 4350 242 4417 vitio
263 4349 417 4414 librorum
437 4351 637 4438 antiquorum
661 4353 817 4418 sanaturis
842 4352 1046 4419 utilitatem.”
1093 4348 1214 4416 Deinde
1234 4347 1274 4414 de
1294 4367 1361 4414 ma·

168 4474 231 4540 gna
252 4455 344 4541 copia
369 4455 485 4542 triplex
510 4477 658 4524 errorum
685 4478 786 4544 genus
812 4456 934 4522 indicat
953 4464 985 4522 et
1006 4454 1161 4541 exemplis
1181 4461 1249 4519 tam
1271 4451 1362 4519 lucu·

166 4558 264 4626 lentis
287 4568 319 4626 et
341 4554 439 4626 adrtis
460 4561 542 4628 hanc
564 4562 862 4650 palaeographicam
876 4562 1034 4628 rationem
1050 4559 1245 4637 confirmat,
1265 4563 1301 4622 ut
1315 4554 1359 4622 la·

165 4666 225 4733 cile
248 4666 462 4754 viceritquod
481 4666 520 4734 ab
545 4668 638 4736 initio
658 4678 826 4757 posuerat:
850 4669 884 4734 iu
903 4689 964 4734 uuo
990 4668 1069 4746 loc,
1095 4665 1123 4732 si
1146 4664 1216 4750 quis
1243 4661 1288 4728 ita
1311 4679 1360 4729 vo·

1129 4776 1139 4813 l
