3309 5750
811 636 876 701 375

248 828 348 903 Λύσις
370 829 402 896 δὲ
425 827 478 895 καί
498 835 601 895 κεῖσαι
626 834 731 903 καλῶς
756 829 816 911 ὑφ’
837 830 939 909 ὑμῶν,
974 828 1062 920 quod
1086 828 1183 898 nihili
1206 844 1262 900 est
1314 835 1426 904 Veram

248 936 423 1004 lectionem
451 934 604 1026 patefacit
624 934 715 1002 loeus
737 960 769 1027 p.
792 938 907 1003 5851.
929 938 981 1003 εἰσὶ
1008 923 1097 1015 ξένης
1122 939 1137 1003 θ
1158 940 1259 1014 Λύσις
1281 944 1426 1019 κεκήδευ-

246 1066 319 1122 ται,
338 1054 371 1108 et
390 1054 462 1133 post
482 1063 584 1132 panea
605 1040 692 1114 ὁσίως
718 1042 776 1107 ὑσδ
799 1047 860 1107 τῶν
882 1042 985 1125 φίλον
1008 1044 1230 1119 κεκηδεῦσθαι,
1262 1046 1348 1115 unde
1368 1072 1426 1139 ap·

246 1160 338 1237 paret
365 1146 603 1214 emendandum
628 1169 695 1212 esse
719 1146 816 1220 Λύσις
843 1147 875 1213 δὲ
899 1148 953 1213 καί
978 1150 1211 1225 κεκήδευται
1237 1158 1343 1227 καλῶς
1369 1155 1425 1235 ὑφ’

248 1254 343 1332 ὑμῶν.
1309 1325 1311 1329 .

292 1356 342 1423 Ad
364 1382 434 1449 pag.
454 1361 529 1425 327.
578 1355 681 1439 Quam
703 1368 796 1448 turpe
817 1356 904 1449 apud
920 1357 1172 1425 Duuosrusumt
1189 1360 1349 1428 emblema
1367 1361 1425 1428 de-

243 1464 454 1554 prehenditur
473 1466 507 1528 in
532 1462 632 1528 verbis
650 1460 770 1528 νίσσοντ’
793 1464 981 1544 ἀνεχαίτισε
1004 1463 1071 1552 [καὶ
1090 1464 1247 1553 διέλυσε],
1272 1477 1337 1533 tam
1354 1490 1425 1532 ma·

244 1570 370 1638 nifesta
389 1583 436 1636 est
457 1571 543 1635 fraus
563 1569 659 1659 plane
679 1567 789 1634 eadem
812 1568 898 1660 apud
918 1568 1110 1635 Isocusm
1132 1570 1166 1635 in
1184 1574 1424 1663 Areopagitica

244 1677 262 1760 §
287 1679 337 1742 12.
362 1676 470 1741 ούδθνα
493 1674 600 1755 χρόνον
626 1674 685 1747 τοὶς
709 1674 869 1755 εύσνχίαςς
888 1682 1069 1755 κατασχεῖν
1095 1676 1302 1754 ἠδυνήθημεν,
1332 1677 1423 1743 ottae

241 1778 369 1859 ταχέας
396 1777 711 1861 διεσκαριφνσοίμεθα
740 1779 808 1867 [καί
835 1778 1042 1869 διελύσαμεν]
1070 1779 1185 1855 αύτούς.
1227 1782 1284 1847 Est
1303 1782 1337 1847 in
1357 1782 1423 1848 Le-

242 1887 320 1949 xz‘eo
348 1883 528 1949 Ιίίισθονοόο
549 1884 583 1949 in
602 1884 728 1951 Ᾰιοοοοί.
752 1886 906 1950 Battum
923 1907 957 1974 p.
977 1887 1058 1962 239,
1080 1888 1132 1951 20.
1164 1887 1183 1952 δ
1191 1894 1422 1970 ιεσιιαριφκ-

242 1989 414 2070 σοίμεθαι
439 1990 509 2056 ἀντὶ
530 1997 585 2057 σοῦ
610 1991 815 2070 διελύσαμενι
849 1989 1049 2080 adscriptum
1080 1991 1158 2057 olim
1185 1992 1248 2059 fuit
1275 1994 1309 2059 in
1335 2017 1422 2060 mar-

242 2096 317 2185 gine
346 2109 401 2162 aut
431 2097 516 2161 inter
543 2120 650 2163 versus
675 2097 885 2175 διελύσαμεν,
912 2096 1028 2162 deinde
1052 2119 1126 2164 eum
1146 2102 1275 2191 copula,
1299 2112 1335 2166 nt
1354 2102 1422 2168 fere

243 2200 296 2278 fit,
331 2198 457 2265 Oratori
486 2200 732 2289 adglutinatam.
778 2198 871 2265 Nihil
895 2214 943 2267 est
965 2202 1074 2267 Poetis
1093 2203 1127 2267 in
1146 2216 1250 2271 metro
1271 2206 1421 2296 praesidii

241 2303 391 2371 adsersus
412 2304 643 2371 eiusdemmodi
662 2304 873 2393 corruptelas.
905 2305 1155 2376 Aulsrotfluuns
1169 2309 1203 2378 in
1219 2310 1420 2399 Lysistrata

243 2410 403 2501 scripsisse
426 2410 568 2477 ereditur
590 2433 634 2477 vs.
657 2413 733 2476 973.

309 2516 364 2583 εἴθ’
386 2519 485 2593 αὐτὴν
509 2515 609 2605 ὥσπερ
631 2516 703 2587 σούς
727 2514 845 2593 θωμοὺς
861 2520 879 2603 ΙΙ
892 2515 1029 2601 μεγιίλῳ
1051 2519 1143 2601 τυφῷ
1166 2520 1219 2586 καί
1244 2529 1373 2604 πρκςῆρι

307 2621 467 2703 {sapidus
492 2622 545 2687 καί
570 2618 835 2699 ξογγογγνλίσαο
859 2626 877 2708 ΙΙ
898 2620 995 2702 οίχοιο
1017 2621 1127 2705 Φθραν.

240 2726 330 2794 etin
356 2726 588 2819 Thesmophor.
614 2748 657 2791 vs.
682 2727 737 2791 61.

545 2829 813 2911 σνγγογγνλίσας
836 2830 890 2897 καί
915 2831 1093 2915 σνςρὲψας,

239 2938 274 3004 in
302 2937 426 3028 quibus·
445 2938 522 3004 loeis
544 2938 608 3004 dua
633 2937 813 3004 foedissima
840 2938 916 3004 vitia
934 2940 1071 3006 nimium
1090 2939 1145 3004 diu
1167 2937 1302 3008 Critieos
1322 2942 1417 3009 fefel-

238 3046 357 3113 lerunt.
404 3045 478 3111 Non
507 3059 573 3126 est,
602 3069 669 3112 non
695 3057 801 3137 potest
825 3068 892 3112 esse
911 3046 1013 3137 proba
1036 3059 1068 3113 et
1090 3047 1196 3114 Attica
1214 3048 1317 3115 forma
1336 3073 1416 3128 γογ-

239 3152 371 3235 γνλίζοι,
397 3165 433 3219 ut
457 3177 563 3244 neque
588 3153 802 3236 ςρογγνλίζοιι
827 3165 863 3226 ut
882 3154 1020 3227 ποικίλος
1038 3165 1071 3219 et
1091 3153 1260 3232 ποικίλλει,
1284 3153 1434 3227 κοιτίλοο

238 3270 271 3324 et
291 3260 449 3336 κοιτίλλω,
471 3259 615 3331 ναυτίλος
636 3270 668 3323 et
693 3257 922 3336 ναυτίλλομαι,
954 3257 1098 3336 ςοιμύλος
1118 3269 1161 3323 et
1187 3258 1417 3336 ςαμύλλομαι,

238 3363 372 3442 θγκύλος
400 3374 431 3428 et
458 3362 677 3441 θγκύλλσμαι,
703 3362 749 3426 sie
777 3362 889 3428 eadem
920 3363 1066 3452 analogia
1084 3375 1135 3428 est
1151 3363 1235 3428 inter
1252 3363 1416 3442 γογγύλος

239 3481 272 3534 et
300 3469 492 3552 γογγύλλει,
526 3468 700 3549 ςρογγύλοο
732 3479 766 3533 et
792 3468 993 3552 ςρογγύλλισ.
1036 3467 1150 3559 ltaque
1174 3467 1415 3547 σνγγογγύλλον

237 3574 335 3640 habet
365 3575 516 3666 antiquae
543 3572 730 3639 Graecitatis
757 3574 943 3653 sanitatem,
975 3575 1159 3658 γογγυλίζο
1187 3585 1220 3640 et
1245 3571 1414 3652 γογγυλίσι

238 3692 311 3747 sunt
338 3679 475 3766 labentis
494 3678 604 3746 aetatis
624 3679 742 3746 formas
773 3679 884 3745 breves
913 3690 1054 3744 veterum
1077 3678 1275 3768 ineleganter
1293 3677 1417 3768 produ-

238 3788 354 3867 centis,
374 3799 410 3852 ut
423 3786 562 3869 λεσίζειν
584 3807 643 3875 pro
662 3784 792 3860 λέπειν,
809 3783 851 3850 de
873 3806 936 3874 qua
956 3805 991 3849 re
1010 3783 1135 3874 saepius
1155 3783 1301 3849 diximus.
1327 3782 1417 3867 Quae

238 3896 360 3960 formae
379 3905 486 3958 autem
508 3893 541 3956 in
562 3891 807 3958 desuetudinem
840 3892 988 3958 abierunt
1019 3903 1065 3956 et.
1083 3890 1295 3957 deterioribus
1310 3911 1416 3956 aesse-

238 4011 329 4076 runt,
365 3999 562 4089 ubicumque
595 3999 628 4065 in
663 4011 806 4066 veterum
838 4000 961 4090 seriptis
991 3998 1204 4089 apparebant,
1238 3997 1270 4063 in
1297 4019 1415 4086 magno

218 4139 220 4144 ·
238 4103 444 4172 versabantur
471 4104 635 4195 periculo,
664 4106 750 4196 quod
782 4107 815 4171 in
844 4105 894 4171 his
914 4106 989 4196 ipsis
1009 4105 1050 4171 de
1069 4127 1154 4171 novo
1175 4102 1413 4173 demonstrabo.

242 4209 336 4304 Apud
359 4208 593 4276 N1councnuu
617 4208 743 4278 Annus.
769 4211 810 4277 11.
834 4237 866 4302 p.
889 4215 932 4277 58
958 4232 987 4277 ε.

456 4314 585 4380 οὐσίδιον
608 4314 671 4395 γαρ
695 4315 926 4389 καταλιπόντος
949 4320 1002 4381 τού
1026 4313 1144 4395 νιασρθς

458 4417 535 4485 ούσον
559 4419 832 4502 σννεςοογγύλικα
855 4419 1067 4498 κοίξεκθκκισα

460 4525 490 4588 ἐν
515 4525 610 4604 μκσίν
633 4523 749 4603 ὀλίγοις
774 4521 875 4606 ὥσπερ
899 4523 954 4605 aida
976 4549 1025 4598 τις
1047 4527 1157 4607 ῥοφῶν.

240 4634 316 4718 Quis
346 4630 555 4722 repugnabit,
588 4632 613 4698 si
642 4629 815 4721 legendum
841 4655 907 4698 esse
926 4630 1123 4698 contendero
1143 4624 1411 4710 σννεςρίγγυλοί

241 4739 366 4807 desisto
395 4761 475 4830 opus
501 4761 568 4805 asse
592 4737 702 4807 vident
723 4761 852 4805 omnes:
876 4740 960 4807 inter
979 4737 1251 4820 σννεςρογγύλισα
1273 4744 1304 4799 et
1324 4755 1412 4798 σννε-
