3309 5750
856 649 920 714 lue

301 849 359 920 illo
390 850 509 919 Codice
534 859 633 926 esset,
657 848 773 913 frustra
792 856 898 912 essent
922 838 1105 934 quaesituri.
1153 839 1259 906 Verba
1279 843 1401 910 summi
1421 841 1482 913 riri

301 952 382 1026 baec
410 967 484 1023 sunt
512 956 546 1020 in
569 955 825 1020 Dissertationa
844 952 886 1015 de
909 947 1056 1015 scholiis
1077 952 1114 1012 in
1132 946 1317 1013 Homerum
1337 950 1481 1017 incdr'tir

301 1092 332 1158 p.
356 1069 429 1130 134.
462 1062 519 1127 ubi
548 1060 679 1128 Scholia
709 1059 876 1149 complura
896 1067 1101 1148 apposuerat,
1125 1078 1263 1145 quorum
1284 1068 1400 1121 auctor
1420 1068 1481 1123 Σε-

302 1171 470 1252 ναχειρίμ,
496 1166 716 1248 Σεναχηρείμ,
740 1166 944 1244 Σεναχειρῆμ
965 1163 997 1226 in
1017 1160 1167 1226 Leidensi
1187 1158 1307 1226 Codice
1325 1160 1480 1251 perhibe·

304 1288 403 1342 retur.
434 1272 646 1348 »Pervelim
670 1270 791 1359 inquit,
811 1277 849 1332 ut
867 1272 943 1357 quis
964 1292 1015 1333 me
1033 1268 1208 1357 quidpiam
1225 1269 1267 1332 de
1286 1273 1354 1332 islo
1373 1268 1483 1334 Senn-

302 1382 428 1448 clrz‘ribo
455 1379 677 1463 edocrffncint,
710 1377 828 1465 quibus
858 1378 896 1439 in
921 1380 993 1439 oris
1013 1384 1045 1439 et
1066 1398 1130 1464 quo
1151 1380 1311 1465 temporis
1334 1378 1483 1441 articulo

304 1489 434 1555 saeculo
453 1503 502 1551 ΧΠ
521 1507 568 1548 nn
586 1501 649 1547 xltt
666 1486 807 1558 νιί·οσι’ί,·
828 1482 891 1545 sed
904 1480 1002 1545 credo
1019 1480 1170 1568 eqru'dcm
1178 1482 1357 1569 plerisque
1377 1487 1483 1549 omni·

304 1598 381 1673 bus,
415 1594 487 1656 nisi
505 1594 539 1654 si
556 1592 619 1679 qui
639 1586 789 1653 Codicem
814 1590 1003 1651 tractoria!
1023 1586 1237 1664 Leidensem,
1272 1586 1491 1654 Grammati··

304 1723 375 1766 oum
400 1700 539 1787 penitus
570 1715 643 1758 esse
671 1693 892 1758 inauditnm”.
945 1691 1048 1757 Nemo
1083 1692 1209 1772 adbuc,
1249 1693 1336 1783 quod
1370 1695 1485 1773 sciam,

306 1802 490 1894 respondit,
525 1824 598 1865 nam
630 1799 716 1889 quod
748 1799 833 1889 apud
864 1799 1040 1864 Luuusturr
1063 1810 1110 1863 est
1132 1801 1173 1864 de
1190 1801 1397 1867 Am'stnrcln’
1415 1812 1488 1867 stu·

307 1910 376 1975 άνίἐ
386 1909 573 1972 Homericis
591 1930 623 1995 p.
635 1909 688 1983 37,
708 1904 807 1971 videri
820 1903 1056 1982 Hermionam,
1071 1904 1104 1968 id
1125 1920 1173 1971 est
1190 1903 1434 1985 Casuuuonuu,
1452 1908 1486 1972 iu

307 2038 346 2081 eo
367 2013 497 2078 nomine
516 2011 702 2077 delitescere
722 2032 780 2101 pcr
798 2010 907 2074 iocum
928 2010 961 2075 iu
980 2010 1147 2075 Arabicam
1167 2011 1309 2100 linguam
1332 2033 1489 2079 converso

306 2120 417 2186 infelix
437 2130 484 2185 est
506 2118 688 2182 coniectura
708 2116 851 2181 ludentis
870 2116 903 2180 in
924 2138 959 2181 re
975 2117 1125 2182 omnibus
1144 2118 1269 2207 ignota,
1286 2131 1318 2184 ct
1340 2120 1487 2209 inspecto

308 2225 427 2293 Codice
450 2224 599 2289 iocularis
627 2222 707 2288 baec
729 2221 838 2313 opinio
856 2234 926 2301 cst,
955 2245 1094 2313 namque
1116 2222 1243 2289 duobus
1266 2224 1333 2289 iere
1353 2226 1487 2293 saeculis

306 2344 477 2421 antequam
499 2327 716 2395 ersruaoaus
737 2339 896 2394 natusest
916 2327 995 2393 baec
1015 2330 1130 2419 scripta
1152 2352 1219 2395 esse
1240 2343 1383 2421 apparet.
1417 2330 1487 2397 No-

308 2438 378 2503 titia
391 2437 492 2528 ignoti
503 2435 709 2503 Grammatici
721 2460 739 2501 e
750 2434 870 2502 Codice
880 2435 1078 2501 Florentino
1090 2435 1169 2501 baec
1181 2436 1299 2526 prodit.
1325 2436 1486 2504 turcana

306 2544 518 2611 Surrentum
536 2543 712 2634 imperante
737 2543 921 2608 Tnuonouo
941 2542 1038 2608 Ducu
1057 2542 1206 2609 Luscum
1227 2544 1281 2630 (ab
1299 2566 1385 2607 anuo
1401 2547 1486 2609 1255

305 2651 342 2716 ad
370 2654 469 2737 1259)
504 2649 640 2716 Nicaeae
671 2650 781 2715 docuit
810 2648 1004 2714 rhetoricam
1032 2661 1063 2715 et
1092 2650 1215 2740 poesin.
1265 2650 1321 2714 Est
1342 2650 1429 2715 enim
1452 2650 1486 2715 in

306 2755 425 2823 codice
444 2756 524 2821 folio
548 2759 588 2820 10
611 2778 687 2820 vera.
738 2753 897 2845 Epistola,
930 2778 1029 2845 quam
1057 2754 1235 2845 lmperator
1259 2754 1298 2819 ad
1319 2755 1487 2821 Professo-

306 2887 373 2929 rem
395 2861 499 2939 dedit,
520 2884 619 2951 quum
640 2862 669 2925 ei
689 2861 772 2926 lilios
793 2861 826 2926 in
848 2860 1051 2954 disciplinam
1069 2861 1257 2930 remitteret.
1282 2860 1487 2929 inscribitur:

304 2975 358 3034 τοῦ
392 2966 578 3049 σοφωτάτου
608 2966 768 3045 βασιλέως
800 2970 889 3047 κωροῦ
923 2968 1074 3048 Θεοδώρου
1109 2971 1215 3034 uocant
1249 2973 1303 3034 τοῦ
1338 2969 1488 3051 Λάσκαρι

305 3071 397 3152 ἐπέρα
414 3071 560 3144 -ἕπιςολῆ
594 3075 760 3152 γραφεῖσα
794 3070 869 3150 πρὸς
901 3072 973 3143 τοὺς
1004 3071 1092 3136 κατά
1126 3072 1265 3137 Νίκαιαν
1296 3074 1488 3153 ἐλλογίμους

304 3172 512 3246 διδασκάλους
537 3180 592 3247 τῆς
614 3177 769 3254 ῥητορικῆς
796 3173 943 3262 rel-nup&
968 3175 1134 3257 μέροςκαὶ
1161 3184 1218 3250 σῆς
1244 3184 1404 3254 ποιητικῆς
1431 3180 1488 3244 πδν

307 3278 512 3360 Σεναχηρείμ
541 3282 623 3357 κῆριν
653 3279 793 3357 Μιχαῆλ
822 3278 876 3343 καὶ
904 3280 956 3344 τδν
985 3285 1068 3360 κῦριν
1095 3275 1282 3360 Ἀνδρόνικον
1303 3283 1356 3347 τὸν
1379 3290 1488 3364 Φραγ-

308 3385 462 3464 γάπονλον
483 3379 536 3447 ίπε
556 3380 591 3458 ἐξ
609 3383 711 3446 αὐτῶν
734 3384 807 3464 πρδς
829 3385 925 3449 αὐτὸν
949 3386 1079 3459 άνῆλίον
1099 3387 1126 3450 οἱ
1147 3387 1277 3461 παῖδες,
1302 3385 1489 3470 ἕςράφησαν

310 3490 341 3555 δὲ
364 3491 438 3569 παρ’
462 3489 558 3552 αὐτοῦ
588 3486 638 3550 διά
653 3486 796 3552 πλείονα
824 3487 959 3567 μάθησιν
984 3489 1082 3555 πάλιν
1105 3491 1149 3561 είς
1174 3493 1229 3566 πῆν
1254 3493 1387 3571 σχολήν.
1433 3492 1489 3558 ln·

314 3593 392 3683 cipit
413 3591 555 3683 Epistola
577 3590 610 3654 in
629 3588 717 3656 hunc
738 3592 887 3658 modum:
913 3592 1010 3658 Οὐδὲν
1029 3590 1130 3676 ἕτερον
1152 3596 1209 3669 τῆν
1229 3601 1284 3660 τοῦ
1308 3596 1489 3680 Φυσονρνοῦ

312 3698 470 3782 εὐφραίνει
496 3697 605 3778 ψυχῆν
630 3696 648 3772 ῆ
672 3698 706 3761 rb
737 3698 808 3778 ίράν
831 3699 884 3764 τὸν
911 3700 1019 3764 οἰκεῖον
1042 3704 1183 3778 λειμῶνα
1207 3700 1425 3780 εὐίηνούμενάν
1453 3727 1490 3769 σε

314 3804 367 3869 καί
390 3802 558 3867 θάλλοντα.
586 3799 703 3864 deinde
722 3812 795 3888 post
815 3803 934 3868 multas
955 3803 1103 3892 ambages
1121 3814 1153 3869 et
1169 3804 1290 3869 fastidii
1305 3817 1337 3870 et
1356 3827 1493 3873 nauseae

315 3909 444 3997 plenam
464 3907 705 3996 loquacitatem:
726 3905 869 3987 ἑωράκειν
891 3909 954 3990 γὰρ
976 3910 1036 3987 ἐγὼ
1055 3910 1116 3974 νυνί
1137 3908 1186 3982 οὓς
1207 3913 1242 3975 ἐκ
1261 3919 1318 3986 σῆς
1341 3915 1420 3992 ἐμῆς
1439 3940 1490 3979 πε·

313 4012 414 4086 ίείσης
445 4017 566 4090 σχολῆς
597 4012 627 4075 ἐν
652 4021 690 4092 πῆ
719 4012 863 4077 Νικαέων
890 4017 907 4089 ῆ
936 4015 1083 4088 νικσποιάς
1105 4039 1164 4093 μου
1190 4018 1243 4082 τὸν
1274 4017 1369 4098 λόγον
1398 4002 1489 4093 πόλις

314 4114 477 4193 tenerare
493 4114 547 4177 καί
568 4110 820 4193 ῆναλλιασάμην
841 4119 879 4189 ὡς
901 4121 1095 4200 Φνσσορρίς,
1121 4120 1239 4187 deinde
1258 4146 1291 4188 se
1310 4123 1491 4192 litterarum

318 4219 421 4286 studia
449 4241 628 4308 numquam
649 4208 810 4308 negligere
835 4223 997 4312 praedicat
1017 4249 1211 4317 quamquam
1232 4231 1369 4319 negotiis
1390 4232 1493 4322 pluri·

317 4327 377 4391 mis
398 4325 583 4391 destrictum
604 4337 636 4390 et
656 4326 830 4393 exercitum
848 4330 932 4394 curis
955 4331 1005 4395 διά
1021 4331 1080 4405 τάς
1101 4332 1163 4398 άνω
1184 4333 1270 4400 κάτω
1289 4339 1490 4418 περιπετείας

314 4432 445 4507 ςάσεσι,
477 4431 621 4515 μάχαις,
649 4431 826 4507 ε’νςάσεσιν,
857 4434 1078 4512 άνσιςάσεσιν,
1110 4447 1183 4511 ταῖς
1213 4445 1272 4505 τῶν
1300 4440 1488 4524 ὁμορούντων

315 4540 347 4605 δὲ
375 4536 546 4617 βοηθείαις,
577 4545 649 4609 ταῖς
678 4542 738 4602 σῶν
764 4538 988 4619 άπιρκισμένων
1017 4541 1233 4622 καταδρομαῖς
1260 4545 1314 4610 καί
1339 4557 1406 4621 σοῖς
1430 4547 1489 4614 άλ-

314 4659 395 4720 λοις,
420 4637 463 4714 οίς
488 4640 522 4714 δῆ
547 4641 641 4715 ῆίτοῦ
665 4646 762 4707 κοινοῦ
786 4644 967 4726 σννσῆρησις
991 4647 1077 4724 ῆμάς
1101 4647 1276 4726 ἐπιβαίνειν
1296 4651 1486 4738 ἠνάγκαζεν.

318 4748 461 4816 Tandem
480 4757 553 4838 post
573 4768 671 4814 noras
689 4746 836 4837 ambages
856 4747 1031 4840 llpistolam
1052 4751 1095 4815 ita
1112 4753 1296 4835 concludit,
1313 4767 1348 4822 ut
1365 4769 1489 4824 utrum-
