3309 5750
734 630 799 695 325

183 829 240 919 qui
258 827 418 918 permulta
442 824 551 890 lonico
571 821 746 887 admiscere
767 823 832 889 suis
852 823 951 902 solet,
986 825 1064 914 (non
1086 837 1189 891 vetera
1209 824 1358 916 po'e'tiea,

184 947 218 1000 ut
238 932 334 999 multi
354 931 559 1017 existimant),
581 928 681 995 utrici
698 930 834 1003 ἐναντίος
854 954 979 1021 semper
998 929 1157 997 dicebant
1179 938 1259 1021 527.
1278 938 1357 1000 οίνα-

182 1047 293 1112 καλεῖς
324 1041 379 1114 την
409 1037 599 1117 ὑπόσχεσιν,
632 1034 763 1099 Veteres
791 1036 987 1101 deuelleret.
1023 1041 1115 1124 §36.
1148 1039 1273 1104 ἐπειδόιν
1303 1064 1358 1113 ση-

180 1143 298 1226 μόνηό
323 1142 548 1220 σαλπιγκτής,
582 1140 711 1206 Veteres
732 1142 854 1224 σημθνη
882 1141 1031 1206 omissod
1058 1146 1275 1221 σαλπιγκτής.
1320 1142 1358 1208 In

181 1253 294 1329 67,-4,
316 1253 345 1313 4.
374 1249 558 1327 κεκερᾶσθαι
583 1245 694 1311 vitiosa
712 1256 745 1309 et
766 1244 898 1310 barbara
921 1246 1022 1311 forma
1044 1259 1103 1311 est.
1151 1247 1256 1313 Attica
1286 1259 1361 1313 suut

181 1354 337 1435 κέκραμαι
359 1364 392 1418 et
414 1351 558 1433 ε’κροίθην,
585 1351 701 1416 'lonica
723 1361 830 1415 vetera
850 1352 1003 1431 κέκρημαι
1025 1365 1058 1417 et
1079 1353 1221 1432 έκρθθην,
1254 1354 1361 1417 minus

179 1472 285 1524 vetera
307 1458 499 1538 κεκέρασμαι
520 1468 551 1522 et
573 1458 755 1538 ἕκεροίσθην,
773 1478 864 1547 qnae
886 1455 1069 1521 erornor
1090 1469 1222 1547 usurpat
1243 1458 1284 1523 ab
1305 1456 1361 1523 lo·

181 1566 277 1629 nibus
305 1563 494 1653 aequalibus
514 1575 635 1640 sumta,
660 1573 696 1627 ut
715 1574 748 1627 et
766 1562 949 1641 έδυνοίσθην,
975 1562 1062 1651 quod
1083 1562 1169 1653 apud
1190 1586 1264 1628 eum
1286 1587 1362 1655 per·

184 1684 318 1764 petuum
347 1682 394 1736 est
415 1693 473 1760 pro
494 1672 650 1746 ἕδυνθθηνι
683 1666 761 1733 hinc
788 1668 961 1733 Lucterius
983 1680 1038 1733 aut
1059 1671 1226 1750 κεκρόισθαι
1247 1668 1362 1735 dixisse

181 1788 288 1869 potest
318 1788 373 1841 aut
400 1774 604 1857 κεκεροίσθαι,
640 1774 694 1840 sed
719 1774 807 1865 quod
830 1785 872 1840 ‘ex
894 1786 1032 1864 utroque
1051 1797 1220 1865 perperam
1239 1777 1362 1841 confla·

182 1897 251 1951 tum
273 1893 320 1947 est
340 1883 523 1962 κεκερᾶσθαι
545 1880 651 1946 dicere
675 1903 739 1945 non
760 1879 877 1970 potuit.
920 1882 979 1957 67,
999 1883 1036 1957 6,
1061 1885 1088 1945 4.
1112 1880 1294 1958 ἐνδειξάσας
1325 1906 1361 1947 σε

180 1990 222 2069 τῷ
246 1986 410 2067 δακτύλῳ,
429 1985 557 2051 Veteres
578 1985 742 2063 δειξοίσαςε
765 1984 936 2063 ἐνδείκνυμι
961 1996 992 2049 et
1014 1983 1139 2061 ἔνδειξις
1159 1983 1192 2048 in
1214 1985 1284 2050 iure
1302 1984 1362 2050 At-

183 2093 249 2157 tico
267 2090 342 2156 trita
358 2102 432 2154 sunt
455 2089 625 2168 vocabula,
644 2089 698 2154 sed
719 2102 782 2154 tam
802 2100 898 2153 notus
917 2086 971 2153 hic
989 2111 1063 2155 usus
1082 2101 1129 2154 est
1146 2090 1310 2169 omnibus,
1327 2102 1362 2156 ut

183 2197 363 2262 Lucttnuu
391 2195 540 2272 δειξόσας
563 2195 724 2284 scripsisse
745 2194 906 2284 suspicer,
939 2195 1049 2259 multis
1068 2205 1140 2284 post
1161 2197 1275 2262 seculis
1297 2196 1363 2261 im·

181 2313 353 2393 portunam
382 2300 652 2390 praepositionem
682 2300 767 2365 male
789 2288 987 2365 adhaesisse.
1028 2304 1082 2378 67,
1104 2304 1134 2377 7,
1154 2305 1184 2365 3.
1208 2301 1361 2366 καταλεί·

182 2413 294 2488 ψασαν
323 2428 382 2496 pro
411 2412 652 2471 successorium
682 2417 748 2470 tam
777 2417 871 2493 turpe
893 2404 1021 2469 dicendi
1042 2405 1153 2471 vitium
1175 2418 1239 2484 est,
1267 2417 1362 2471 ntea

184 2513 340 2602 scriptura
372 2533 447 2586 sana
477 2533 542 2575 esse
574 2533 639 2574 non
669 2510 779 2599 possit.
825 2500 931 2574 Multo
962 2508 1061 2573 serius
1089 2510 1156 2573 nati
1182 2522 1275 2588 sunt,
1305 2510 1362 2599 qui
1448 2595 1450 2597 Ι

182 2624 314 2699 λεῖψαι,
340 2617 524 2697 οὶμαρτῆσαι
546 2627 578 2681 et
598 2615 713 2680 similia
732 2625 882 2705 portenta
902 2614 1100 2679 invexerunt.
1145 2613 1361 2680 Antiarricisra

157 2721 159 2726 ’
182 2722 353 2800 BuKKttnt,
378 2720 433 2810 qui
455 2744 486 2810 p.
502 2723 581 2798 106,
601 2723 655 2788 24.
677 2720 823 2801 λείψας
848 2720 919 2784 οὶντί
940 2704 999 2784 ‘reis
1017 2720 1129 2797 λιπών,
1151 2720 1360 2802 Ἀριςοψοίνης

182 2827 370 2912 Ἀνδρομέδα
402 2827 526 2907 attulit,
563 2839 624 2894 tam
654 2849 770 2919 parum
798 2825 920 2892 iudicio
948 2826 1096 2893 valetet
1123 2827 1242 2893 vitiosis
1271 2827 1360 2894 libris

183 2944 249 2998 tam
279 2956 371 3023 saepe
401 2934 498 2998 stulte
529 2932 683 3023 deceptus
712 2943 778 3014 est,
815 2944 851 2997 ut
881 2933 948 2998 eius
974 2931 1039 2998 fide
1067 2933 1141 2998 stari
1163 2956 1229 2998 non
1250 2933 1361 3025 possit.

182 3038 303 3128 Ecquis
321 3049 380 3116 est,
414 3039 470 3128 qui
491 3039 520 3104 ei
543 3037 805 3113 οσοόυῐεύνηκός
833 3036 946 3103 dixisse
969 3038 1093 3104 Lrsrau
1113 3061 1173 3127 pro
1193 3038 1361 3119 ἐωνημένος

181 3169 213 3234 p.
238 3149 301 3223 95,
329 3148 392 3222 25,
431 3155 486 3210 aut
515 3144 722 3243 ἐγρηγόρησεν
761 3143 1013 3210 Xrnornorsrru
1041 3171 1074 3236 p.
1102 3149 1165 3222 96,
1193 3148 1270 3209 251
1306 3155 1366 3208 aut·

184 3251 315 3328 η’κροᾶσο
339 3250 560 3315 ballenarum
578 3273 610 3338 p.
632 3253 690 3326 98,
712 3251 773 3327 28,
799 3271 855 3338 pro
873 3252 977 3328 ηκροῶ.
1003 3249 1134 3330 θκρόασο
1157 3248 1253 3315 credo
1275 3248 1362 3314 dixe·
1462 3257 1466 3262 ’

184 3364 253 3430 rat,
276 3351 309 3417 id
331 3366 377 3419 est
398 3355 548 3430 θκηκόεις.
600 3352 683 3436 Quid
704 3353 854 3417 erraverit
883 3378 916 3442 p.
942 3357 1024 3434 112,
1045 3358 1099 3418 29.
1127 3355 1160 3418 in
1183 3355 1361 3419 πέπλυνται
1444 3372 1450 3380 ’

186 3457 308 3544 (editur
335 3459 533 3546 πέπαυνται)
566 3482 660 3548 supra
690 3458 986 3524 demonstravimus.
1036 3460 1097 3543 Qui
1123 3459 1168 3525 sic
1190 3459 1362 3525 dormitare

184 3575 292 3654 potest
321 3576 352 3629 et
379 3563 413 3628 in
443 3575 507 3629 tarn
540 3564 655 3654 apertis
683 3575 715 3628 et
739 3563 916 3629 manifestis
941 3565 1115 3643 caecutire,
1144 3565 1216 3655 quis
1236 3587 1313 3630 eum
1330 3565 1363 3630 in

187 3669 243 3735 tali
263 3692 317 3748 re,
346 3671 379 3735 iu
401 3670 532 3736 immani
553 3668 770 3745 barbarismo,
798 3669 896 3735 fidem
916 3693 1038 3736 merere
1057 3670 1214 3761 putabit?
1243 3671 1361 3751 λείψας

186 3773 284 3864 igitur
301 3787 367 3842 tam
386 3798 497 3841 sanum
516 3787 561 3841 est
582 3786 614 3840 et
638 3774 830 3864 genuinum,
847 3787 945 3865 atquc
965 3777 1208 3842 Amsuornaurs
1225 3775 1363 3841 Andro·

184 3881 298 3958 meda,
333 3904 415 3971 quae
435 3882 524 3947 nulla
546 3904 699 3971 umquam
720 3880 795 3959 luit,
826 3880 937 3970 itaque
957 3882 1151 3964 ’Λντιψοίνης
1176 3881 1362 3971 reponitur,
1442 3925 1444 3931 ι

189 3984 279 4049 euius
291 3985 507 4051 Andromeda
524 3985 587 4051 hoe
607 3987 703 4052 unico
722 3985 905 4051 testimonio
927 3986 1050 4053 nititur.
1074 3984 1167 4052 Seros
1184 3993 1363 4075 poetastros

185 4089 228 4155 ita
248 4111 382 4180 peccare
404 4104 467 4156 noir
489 4093 659 4175 miramur,
686 4105 720 4159 ut
739 4104 903 4159 auctorem
923 4099 982 4158 τῶν
1002 4097 1125 4174 χρυσῶν
1143 4094 1224 4157 ἐπῶν
1244 4115 1289 4160 ss.
1308 4093 1364 4158 70.

319 4195 354 4272 ἢν
378 4195 404 4262 δ’
428 4197 608 4278 απολείψας
634 4201 713 4278 σῶμ’
738 4199 781 4269 είς
807 4199 901 4278 αἰθέρ’
925 4199 1079 4280 ε’λεόθερον
1103 4195 1203 4280 έλθης.

204 4386 425 4401 ——n-——n—

221 4488 240 4555 ¹)
258 4491 411 4544 Xnuoarrcu
438 4494 464 4544 in
492 4489 603 4542 Anabasi
616 4493 665 4543 IV.
684 4506 719 4542 vr.
739 4498 780 4542 22.
805 4492 987 4560 ίρρηρόρεσαν
1003 4492 1112 4557 scripsit,
1138 4492 1206 4557 qnod
1222 4489 1362 4539 Ponsonne

184 4577 279 4639 optime
293 4578 411 4636 restituit,
430 4591 475 4641 pro
493 4577 573 4626 formo
591 4577 697 4625 barbara
712 4576 896 4644 ἓρρηρόρησυι
911 4591 928 4626 a
944 4575 1074 4627 Graeculis
1088 4576 1187 4624 inrecte
1204 4581 1230 4623 et
1246 4573 1362 4635 imperito

186 4662 348 4722 grammatico
366 4669 450 4711 nostro
467 4663 582 4725 probata,
601 4675 709 4726 numque
726 4676 773 4725 pro
790 4657 989 4727 έρρηρόρηοενι
1005 4656 1130 4718 Ξενοφῶν
1145 4655 1363 4724 τετάρτῳἈνυ-

185 4746 287 4808 βάσεως
304 4746 440 4811 legendum
459 4760 511 4797 esse
528 4746 713 4816 έγρηρόρησαν
731 4747 894 4798 manifestum
911 4751 956 4797 est.
