3309 5750
857 648 923 709 320

509 838 589 906 ἔνθεν
613 842 688 906 ἑλὼν
711 842 749 912 ὡς
774 842 799 905 οἱ
822 843 880 919 μὲν
903 842 1084 922 ἐϋσσέλμων
1107 844 1172 908 ἀπὸ
1196 847 1275 919 νηῶν

511 945 629 1022 βάντες
653 946 828 1011 ε’πὲπιιειον.

312 1047 413 1115 multa
434 1047 523 1114 dabit
544 1049 705 1116 Donum.
726 1049 765 1115 ad
788 1049 996 1119 Cnanrrours
1010 1053 1118 1120 locum
1143 1058 1198 1134 tt,
1225 1058 1280 1121 12.
1306 1054 1371 1120 ὅδὲ
1390 1039 1488 1135 Θήρων

311 1150 392 1217 iudea
417 1153 504 1219 ἑλών.
554 1154 674 1221 Tamen
696 1156 826 1221 turbant
846 1158 968 1224 indocti
989 1160 1110 1226 scribae
1129 1173 1162 1226 et
1182 1159 1406 1251 interpolant:
1426 1158 1488 1250 ple·

313 1258 406 1347 rique
424 1256 455 1323 h.
468 1259 489 1324 l.
508 1259 588 1325 ἔνθεν
602 1260 777 1342 ἀρξάμενος
793 1262 961 1344 exhibent3
985 1266 1019 1330 in
1039 1266 1188 1332 Drocnur
1204 1265 1364 1331 Lnearro
1382 1262 1409 1329 Ι.
1423 1266 1489 1330 102.

312 1366 347 1429 in
368 1365 518 1431 omnibus
538 1378 584 1431 est
606 1367 685 1431 ἔνήσν
706 1369 719 1431 ὁ
740 1369 937 1451 Ἀνάχαρσις
957 1374 1049 1436 iuter
1072 1371 1151 1454 ἔφη,
1178 1371 1235 1436 ubi
1251 1373 1335 1437 ἑλών
1352 1369 1486 1460 reposui.

314 1477 332 1559 §
353 1476 407 1537 33.
431 1473 641 1547 ἀποσιτῆσαι,
666 1484 784 1538 veteres
803 1476 1067 1555 ἀποκαρτερῆσαι.
1091 1482 1109 1564 S
1131 1480 1183 1543 48.
1203 1484 1369 1557 κατηχεῑν
1394 1474 1487 1540 sordi·

314 1578 391 1643 dum
422 1590 455 1642 et
482 1576 646 1667 plebeium
672 1602 730 1669 pro
749 1579 915 1644 διδάσκειν.
954 1590 1117 1661 Κατηχεῖν
1139 1594 1172 1648 et
1189 1582 1380 1661 κατήχησις
1399 1580 1485 1671 primi

313 1680 413 1748 Stoici
434 1682 593 1749 dixerunt.
618 1684 711 1750 Droo.
732 1685 855 1751 Laeui.
877 1684 948 1752 VH.
968 1689 1020 1752 89.
1042 1688 1264 1770 διατρέφεσθαι
1291 1687 1325 1752 δὲ
1349 1687 1388 1753 τὸ
1405 1702 1484 1766 λογι-

313 1790 365 1854 κὸν
394 1790 465 1871 ζῷον
491 1790 604 1876 (φασὶν
629 1792 654 1855 οἱ
682 1794 828 1877 Στωικοί)
855 1793 930 1857 ποτὲ
954 1794 1012 1871 μὲν
1034 1793 1084 1858 διά
1108 1795 1168 1866 τοὶς
1191 1796 1252 1857 τάν
1276 1790 1391 1870 ἔξωθεν
1413 1814 1484 1872 πρα-

314 1893 449 1971 γμάτων
475 1893 700 1968 πιθανότητας,
727 1897 803 1960 ποτὲ
829 1898 861 1961 δὲ
883 1897 933 1962 tre
953 1898 1009 1971 τήν
1033 1899 1212 1977 κατήχησιν
1233 1900 1298 1961 τῶν
1321 1894 1484 1968 συνόντων,

315 1996 403 2087 quod
423 1996 532 2062 Stoico
552 2000 722 2088 supercilio
742 2000 943 2068 dictumest:
965 2007 1046 2091 quia
1061 2025 1172 2067 eorum
1186 2024 1293 2067 aures
1301 2006 1482 2092 personant

307 2106 433 2193 pavis
453 2104 661 2192 opinionibus
680 2128 824 2171 suorum.
856 2107 979 2172 Eodem
1000 2108 1097 2173 modo
1118 2108 1292 2175 Locutus
1313 2107 1380 2175 hoc
1396 2104 1483 2171 verbo

316 2210 418 2276 utitur
438 2213 496 2287 44,
518 2212 571 2275 39.
596 2211 622 2275 οἱ
641 2211 770 2297 ,ποιηταὶ
791 2212 913 2292 μέτροις
933 2237 969 2279 τε
989 2214 1160 2297 κατάδουσι
1185 2214 1239 2278 καὶ
1263 2213 1377 2292 μύθοις
1396 2234 1484 2285 κατή-

316 2321 438 2396 χοῦσιν.
487 2313 573 2378 Hinc
600 2313 758 2380 emanavit
785 2314 818 2381 in
848 2315 960 2405 vulgus
987 2318 1117 2384 terbum
1137 2341 1194 2408 pro
1214 2320 1349 2384 orebn‘s
1369 2336 1485 2383 sermo·

273 2482 275 2485 .
316 2423 413 2489 uibus
433 2420 570 2509 aliquid
587 2422 769 2497 z'nmrlcare,
790 2420 908 2486 deinde
927 2445 985 2512 pro
1005 2428 1082 2489 uiua
1101 2447 1176 2489 voce
1193 2424 1330 2503 docere,
1356 2420 1487 2509 denique

316 2536 472 2607 κατήχιῖν
501 2548 630 2617 prorsus
652 2525 738 2591 idem
760 2537 807 2590 est
828 2537 926 2616 atque
945 2528 1116 2602 διδάσκειν,
1148 2540 1184 2593 ut
1203 2528 1309 2594 multa
1337 2524 1488 2595 vocabola

318 2634 442 2703 abiecta
470 2644 502 2698 et
533 2629 660 2698 sordida
688 2639 752 2702 τοῖς
783 2632 918 2703 Ξδιάταις
950 2622 1212 2723 praeplacebant‚
1244 2647 1281 2700 ut
1301 2643 1420 2701 λαλεῖν
1437 2651 1489 2721 pro

317 2741 434 2819 λέγειν.
478 2736 531 2803 Sic
551 2738 665 2819 ἐρεύνα
696 2738 865 2822 (eructare
884 2737 973 2825 olim)
996 2746 1226 2828 pronunciare
1247 2740 1336 2831 apud
1359 2739 1439 2805 istos
1453 2735 1490 2801 si·

318 2846 465 2937 gnificat,
497 2842 583 2935 quod
609 2864 681 2908 cum
701 2841 848 2931 pluribus
867 2843 938 2908 aliis
959 2842 1104 2912 Lonrcu.
1127 2846 1166 2912 ad
1187 2846 1314 2912 Pueru.
1331 2869 1366 2936 p.
1389 2847 1431 2911 63
1450 2852 1491 2908 at-

318 2953 403 3018 tulit.
453 2955 511 3026 44,
536 2952 566 3012 3.
590 2949 639 3012 ἐπὶ
662 2947 750 3026 ξυροῦ
775 2945 902 3022 ἕςήκεν,
924 2961 1045 3014 veteres
1064 2951 1114 3016 ἐπὶ
1139 2951 1227 3031 ξυροῦ
1247 2953 1371 3031 ἀκμῆς.
1407 2950 1490 3039 526.

320 3060 359 3128 ὡς
393 3055 592 3132 ξυνήσουσιν,
633 3062 754 3116 veteres
784 3053 890 3117 solum
918 3051 998 3126 ὅπως
1034 3076 1109 3121 cum
1136 3056 1246 3121 futuro
1276 3056 1494 3146 coniungunt,

319 3161 490 3229 Lucnsus
510 3177 602 3246 saepe
621 3157 671 3228 ἀς.
696 3158 713 3241 §
735 3160 776 3223 49
795 3157 915 3239 πρῴρας
934 3160 1147 3238 ἐπιμελητής,
1170 3173 1290 3228 τοίοισι
1309 3185 1380 3229 uno
1401 3159 1491 3231 verbo

318 3265 464 3348 πρῳρεύς.
488 3264 670 3340 45‚1100u
690 3272 963 3343 προσεποιεῖτο
983 3266 1148 3341 ἀκηκοέναι
1170 3279 1291 3333 veteres
1310 3270 1369 3332 οὐκ
1391 3265 1492 3334 ἐδόκει.

323 3372 469 3441 Graviter
488 3368 621 3459 impegit
639 3367 672 3432 in
693 3374 711 3456 §
733 3372 773 3433 19
791 3368 825 3433 in
845 3368 963 3434 verbis:
985 3369 1086 3436 ὁπόσα
1104 3370 1142 3436 ἀν
1162 3373 1356 3454 ἀποσκώψῃς
1381 3374 1424 3444 εἰς
1443 3371 1493 3450 ἐμὲ

321 3479 375 3547 καὶ
395 3479 437 3549 εἰς
462 3475 592 3547 ἐκείνους
617 3475 813 3556 ἀποσκώψας
838 3473 901 3558 ἔσή.
923 3485 959 3540 ut
981 3475 1091 3541 ritaret
1111 3475 1310 3557 κακοφανίαν
1331 3474 1447 3541 incidit
1464 3474 1494 3539 in

323 3583 557 3653 soloecismum.
591 3579 739 3670 Namque
760 3580 869 3645 aoristi
889 3604 925 3645 ea
946 3592 1060 3646 natura
1078 3593 1126 3646 est
1148 3591 1182 3645 ut
1204 3601 1277 3644 cum
1299 3580 1415 3647 futuro
1435 3580 1496 3647 ἔσο-

320 3714 379 3770 μαι
403 3709 509 3778 neque
529 3685 722 3775 cogitatione
739 3708 846 3775 neque
863 3686 966 3752 verbis
980 3686 1132 3775 coniungi
1150 3685 1265 3775 possit:
1294 3686 1386 3776 quod
1403 3686 1495 3778 plane

322 3795 486 3888 praeteriit
517 3805 548 3858 et
578 3793 644 3858 siue
673 3793 804 3880 vestigio
833 3814 870 3856 ex
901 3814 1005 3857 rerum
1037 3803 1150 3856 notura
1174 3790 1339 3856 sublatum
1366 3803 1416 3858 est
1435 3813 1496 3857 non

324 3913 444 3993 potest,
468 3898 582 3974 credo,
608 3897 671 3962 dici
689 3896 729 3961 ad
750 3897 852 3962 futuri
873 3897 1023 3986 temporis
1043 3919 1135 3962 usum
1153 3895 1405 3987 perduraturum
1425 3920 1497 3964 esse.

325 4004 463 4071 Persecti
489 4003 636 4066 futurum
659 4011 726 4078 est,
750 4001 824 4088 quia
845 4001 1023 4067 absolutam
1046 4023 1112 4066 rem
1131 4002 1305 4093 perdurare
1325 4015 1359 4069 et
1381 4017 1499 4071 exstare

325 4109 503 4199 significet,
535 4104 644 4171 aoristi
671 4127 736 4169 non
765 4117 823 4170 est.
871 4107 913 4172 Et
935 4130 972 4172 ex
991 4107 1067 4197 ipsis
1086 4108 1216 4198 quidem
1235 4108 1392 4198 perfectis
1412 4110 1497 4175 futu·

324 4238 431 4282 rorum
462 4213 583 4277 formae
612 4210 853 4301 producuntur,
883 4225 918 4277 ut
939 4214 1095 4291 κτήσομαι
1118 4237 1154 4279 ex
1176 4217 1298 4291 κτῶμαι
1322 4213 1369 4280 sic
1388 4215 1497 4289 κεκτή-

327 4345 422 4401 σομαι
448 4319 637 4408 producitur
661 4342 697 4385 er
730 4318 908 4400 κέκτημαι,
933 4332 965 4386 et
985 4323 1209 4400 μεμνήσομαι,
1234 4322 1419 4401 εἰρήσομαι,
1444 4322 1499 4400 βε·

239 4421 244 4431 ’
327 4427 508 4507 βοήσομαι,
522 4426 742 4507 τετμήσομοιι,
762 4427 980 4504 κεκλήσομαι,
999 4425 1059 4490 elia
1075 4437 1220 4490 sexcenta
1233 4439 1415 4515 sequuntur
1426 4450 1499 4492 ana·

331 4532 449 4620 logiam
490 4528 597 4619 pueris
634 4541 753 4594 notam.
809 4527 875 4596 Gur
910 4533 1008 4622 igitur
1044 4543 1107 4596 tam
1137 4531 1272 4620 protrita
1301 4545 1335 4598 et
1367 4532 1502 4623 puerilia

331 4637 483 4727 attingis?
505 4634 641 4726 inquies.
689 4635 829 4701 Primum
854 4649 888 4702 ut
912 4636 1091 4702 convellam
1111 4660 1169 4725 pro
1197 4638 1283 4704 virili
1300 4651 1393 4728 parte
1414 4659 1504 4704 usum

330 4743 458 4810 absurdi
483 4741 639 4820 nominis,
664 4741 749 4831 quod
768 4743 940 4832 magistelli
958 4743 1070 4809 insulsi
1091 4743 1126 4808 iis
1148 4743 1258 4811 formis
1279 4745 1500 4835 imposuerunt
