3309 5750
735 628 798 694 tur»

221 798 356 884 Pergam
377 796 503 870 Lucum
521 796 615 874 -lccos
645 795 884 884 complusculos
907 795 1071 875 indicare,
1095 797 1150 874 ubi
1180 795 1362 887 syntectica

176 902 260 970 ratio
288 901 541 982 describentium
569 900 716 970 socordia
738 902 855 978 vitium
879 902 1064 987 concepisse
1086 902 1244 990 rimatur.
1291 901 1361 974 Non

171 1004 268 1086 lacile
290 1008 420 1076 credam
449 1007 509 1093 ipsi
540 1007 672 1073 Lucrino
705 1005 853 1073 excidere
877 1007 1020 1093 potuisse
1047 1006 1132 1092 quod
1155 1006 1276 1096 legitur
1297 1010 1361 1086 16,

176 1116 230 1178 17.
253 1114 307 1179 οὐκ
333 1108 418 1195 aizoo
446 1108 527 1186 ὅπως
548 1113 763 1188 καταπαύσω,
798 1131 899 1198 quum
922 1112 1006 1178 ratio
1034 1119 1066 1179 ct
1092 1132 1171 1186 usus
1194 1113 1363 1200 requirant

172 1217 419 1298 ααταταύσαιμρ
443 1225 475 1284 ct
506 1217 587 1284 nibil
612 1219 655 1284 sit
678 1216 764 1303 apud
793 1225 918 1284 veteres
949 1217 1009 1283 hac
1038 1216 1200 1286 locutione
1229 1217 1363 1295 tritius,

170 1322 228 1408 qui
253 1326 307 1390 σύιι
330 1320 394 1404 ἔχω
418 1319 499 1396 ὅπως
519 1324 689 1404 χρήσωμαι
710 1321 859 1398 dicebaut
877 1329 910 1388 ct
936 1325 991 1388 σύιι
1015 1317 1102 1403 εἶχεν
1125 1319 1207 1398 ὅπως
1229 1320 1362 1404 separat*

167 1450 245 1506 μαι.
288 1424 425 1494 Scribas
456 1446 551 1513 saepe
583 1447 641 1513 pro
668 1430 835 1509 χρήσωμαι
862 1425 940 1496 darc
967 1423 1070 1498 solent
1100 1429 1280 1509 χρήσιμαι,
1303 1423 1360 1501 scd

170 1532 339 1600 neminem
356 1528 426 1596 lere
442 1530 570 1600 faliunt.
600 1532 732 1611 Ὅπως,
754 1529 842 1607 isco,
867 1527 948 1609 tce,
970 1531 1098 1612 bardica,
1121 1530 1212 1611 drot,
1230 1531 1303 1598 ἔνθα
1327 1539 1361 1599 et

170 1635 293 1701 similia
319 1633 441 1701 bahent
464 1637 726 1717 coniunctium,
751 1637 804 1703 ubi
836 1637 1011 1723 praecessit
1043 1638 1186 1723 negatio,
1216 1635 1271 1703 ubi
1295 1655 1359 1705 non

166 1740 346 1829 praecessit
366 1738 439 1806 boni
466 1742 642 1828 scriptores
663 1748 851 1810 constanter
874 1739 994 1808 iuturis
1018 1740 1185 1818 indicativi
1208 1747 1358 1808 utuntur.
1413 1733 1419 1749 '

169 1845 373 1931 Quicumque
394 1843 452 1911 boc
476 1848 654 1922 sexcenties
677 1847 775 1926 vidit,
800 1854 858 1918 aut
877 1847 963 1914 inter
996 1844 1169 1933 legendum
1189 1865 1287 1933 quam
1314 1845 1358 1918 sit

140 2024 142 2028 ,
168 1958 259 2020 certa
280 1950 359 2017 haec
376 1951 459 2017 ratio
486 1952 630 2038 ,experiri
652 1952 761 2031 -ucict,
790 1971 919 2020 mecum
944 1952 1105 2030 Puerorum
1128 1953 1162 2021 in
1185 1951 1359 2038 Protcporc

145 2076 200 2143 p.
226 2059 291 2121 548
315 2055 351 2120 u.
387 2056 474 2142 turpi
505 2056 583 2122 vitio
609 2056 772 2148 liberabit..
816 2056 934 2136 Editur
958 2060 1082 2140 -τεριῖἓιι
1105 2056 1194 2139 ζητεῖ
1211 2053 1269 2139 ὅτῳ
1291 2058 1357 2122 ἔτι·

169 2159 384 2244 deiferorum
404 2160 477 2241 ,μεθ’
500 2157 569 2228 circu
587 2162 829 2243 βεβαιώσηται,
859 2182 923 2242 uun
944 2163 1050 2248 potuit
1074 2160 1282 2249 philosophus
1300 2159 1358 2226 ali·

165 2272 220 2336 tar
247 2263 395 2348 scribere
418 2284 515 2351 quam
539 2266 726 2344 ἐπιδείξεται
757 2274 790 2334 et
818 2267 1057 2346 βεβαιώσεται,
1081 2264 1357 2360 quemadmodum

166 2369 264 2457 apud¹
281 2369 507 2452 Dcupsrnrrruu
536 2379 624 2438 recte
646 2372 805 2458 scriptum
836 2379 886 2437 est
917 2372 955 2436 dc
981 2371 1104 2438 Corneto
1125 2390 1159 2456 p.
1187 2373 1274 2449 250,
1304 2374 1356 2438 16.

164 2475 257 2571 ἑτέρω
275 2474 302 2542 δ’
332 2471 390 2558 ὅτῳ
415 2475 511 2541 accde
531 2498 561 2542 τι
591 2476 727 2557 δώσομεν
746 2476 851 2557 ζητεῖν
874 2484 907 2541 ct
930 2475 1050 2561 passim
1076 2472 1161 2560 apud
1181 2472 1270 2541 aiios.
1318 2474 1356 2543 Iu

163 2580 288 2650 talibus
306 2578 455 2650 Graeculi
483 2573 637 2648 errabant
660 2580 878 2648 autilomani
911 2579 1031 2648 Graece
1053 2578 1289 2657 balbutientes,
1322 2588 1359 2648 ut

164 2687 322 2764 butanus
340 2686 373 2751 in
400 2684 435 2751 V.
450 2683 492 2749 Η.
516 2684 556 2751 ll.
585 2691 639 2753 10.
653 2689 709 2753 οὐκ
727 2682 813 2768 εἶχεν
836 2682 902 2751 icor
928 2684 1003 2750 τοτὲ
1022 2685 1117 2751 αὐτὸν
1136 2681 1353 2765 cardiacam,

166 2792 309 2876 Graecos
333 2791 424 2878 ipsos
447 2789 591 2857 eruditos
611 2790 652 2858 ab
681 2790 864 2862 istiusmodi
894 2790 982 2856 vitiis
1007 2790 1076 2877 ipsa
1096 2787 1288 2857 Graecitatis
1312 2789 1359 2855 in-

169 2897 347 2982 telligentia
382 2897 461 2962 satis
487 2894 685 2965 defendebat.
730 2899 846 2984 {taque
876 2897 1053 2983 genuinum
1084 2915 1147 2961 non
1176 2904 1240 2974 est,
1275 2895 1361 2984 quod

167 3000 289 3090 iegitur
325 3006 436 3078 7,15.
465 3005 498 3068 σύ
523 3003 587 3086 γὰρ
610 3002 649 3070 ἂι
675 3003 804 3085 εἴχομεν
830 3003 903 3085 πρὸς
928 2999 995 3069 ὅτι
1015 3001 1152 3077 ,ἔλαττων
1168 3001 1360 3083 παραθεω·

125 3154 128 3161 .
164 3116 283 3195 ρῶμει
306 3106 418 3185 αὐτόν,
452 3106 508 3173 scd
532 3110 777 3191 σαραθεωρσῖμει
805 3107 1025 3177 necessarium
1056 3115 1106 3174 est
1132 3113 1166 3185 ,cl
1189 3106 1361 3174 abumsuo

164 3215 338 3301 scriptum.
385 3210 527 3279 Verbum
558 3215 799 3296 ταρααεωρῶμεν
825 3233 868 3280 ex
891 3213 988 3280 unico
1013 3210 1095 3277 libro
1122 3209 1179 3278 sed
1202 3213 1359 3298 antiquis·

160 3320 252 3413 simo
279 3329 302 3383 Β
329 3326 491 3385 serratum
527 3318 614 3406 (nam
648 3318 770 3391 caeteri
801 3337 914 3383 omnes
942 3317 1127 3398 παραδῶμεν
1158 3313 1357 3405 praeierunt)

168 3421 408 3493 restituendum
444 3429 494 3490 csl
529 3426 589 3501 20,
614 3428 668 3490 44.
692 3420 747 3491 uhi
773 3420 929 3487 scribitur
960 3421 995 3498 ἢν
1018 3423 1063 3499 μὴ
1088 3422 1358 3505 σεριθεωρήσρρ

166 3529 316 3603 ἅπαντας
336 3531 447 3606 inodo,
465 3534 498 3594 al
522 3528 702 3614 requiritur
724 3527 1038 3611 παραθεωρήσῃς,
1061 3522 1146 3609 quod
1171 3542 1256 3588 unus
1278 3523 1359 3590 liber

163 3636 327 3726 pessimae
355 3643 449 3700 notae
476 3631 592 3703 obtulit
615 3631 671 3700 scd
698 3652 773 3699 cum
798 3639 933 3701 auctore
961 3637 1108 3718 spretum
1131 3621 1196 3696 es't:
1226 3636 1260 3695 at
1291 3650 1358 3696 sae·

159 3763 224 3832 pc,
257 3748 295 3809 ut
328 3737 559 3826 inprovcrhio
593 3745 659 3817 cat,
684 3738 738 3805 καὶ
773 3739 872 3821 μωρὸς
899 3737 973 3819 dorp
997 3733 1092 3816 princ
1114 3735 1227 3815 καίριον
1254 3730 1359 3815 εἶτεν,

162 3854 200 3919 ct
231 3847 466 3930 ταρα1ειιρι1σρς
487 3863 534 3911 ex
563 3862 601 3911 se
633 3843 702 3930 ipso
734 3841 945 3930 spectandum
979 3848 1049 3908 erat
1079 3847 1111 3908 et
1143 3839 1355 3927 probandum.

162 3951 290 4021 dudem
318 3949 460 4019 remedio
484 3947 641 4017 utendum
674 3952 730 4030 lt),
755 3953 811 4029 11,
841 3953 872 4015 4.
896 3949 929 4014 σύ
958 3941 1131 4028 ραριεῖχιι
1154 3944 1226 4013 ἔνθα
1246 3944 1286 4014 ἂι
1309 3948 1356 4015 δέ·

161 4057 277 4137 ξαιιτσ
302 4055 358 4123 ubi
383 4054 428 4125 ,co
454 4075 473 4125 a
504 4053 589 4122 mala
611 4073 711 4121 mauu
730 4060 779 4122 est
804 4060 837 4122 et
868 4050 1135 4140 expungendum,
1166 4051 1214 4118 sic
1238 4059 1271 4121 et
1293 4057 1355 4132 tc,

168 4170 220 4233 15.
245 4167 300 4231 σύιι
319 4161 405 4244 ἔχων
436 4163 467 4236 ἒς
495 4159 515 4227 ὅ
537 4185 570 4231 ,τι
598 4161 819 4242 ἐρασμιώτερον
849 4159 943 4225 αὑτὸν
965 4155 1147 4237 μεταβάλοι
1171 4157 1237 4224 οὐδὲ
1274 4155 1355 4235 ὅπως

158 4268 205 4337 no
237 4269 422 4352 διαφθείρειε
452 4271 507 4334 τσῦ
542 4265 694 4348 Ἀκρισίου
725 4266 780 4340 τὴν
800 4261 954 4347 Φρουραι,
985 4261 1079 4341 vides
1100 4258 1144 4335 ἄν
1174 4261 1355 4337 insiticium

135 4393 249 4450 *essm
281 4379 322 4454 7,
349 4379 380 4440 5.
403 4374 442 4439 σύ
473 4373 537 4456 ριἰρ
560 4370 642 4453 ἔχων
673 4367 874 4453 ὁζωγριὶφσι
912 4363 976 4435 ἔδει
1006 4365 1143 4459 diridet,
1180 4368 1245 4447 imo
1278 4387 1355 4437 vcro

163 4477 307 4562 ἐξάψειε.
361 4475 602 4547 Eiusdemmodi
627 4474 695 4542 fere
721 4494 812 4542 error
839 4480 888 4540 est
912 4477 977 4551 41,
1007 4477 1063 4543 58.
1086 4471 1299 4554 ἐτασσόμεθα
1322 4471 1354 4537 a

165 4586 231 4668 cepi
251 4591 312 4652 τῶι
337 4583 494 4667 ταράττων
526 4581 545 4649 i'
573 4607 603 4649 τι
624 4580 793 4665 τραξσμει,
841 4579 878 4645 In
901 4577 1071 4644 Puurnncnr
1104 4578 1217 4656 Catone
1238 4576 1358 4653 tuciora

1144 4691 1157 4729 8
