3309 5750
853 621 919 693 218

304 819 423 886 similes
447 829 521 884 sunt
549 818 651 883 iormn
670 828 702 885 et
723 816 807 882 inter
824 837 859 882 re
877 826 912 883 et
932 813 1057 882 litterae
1075 840 1113 892 η,
1141 824 1261 891 utnon
1279 812 1480 891 ritcuiusris

304 926 483 990 discernere
512 935 620 989 utrum
648 924 673 1001 β
704 946 744 988 en
772 947 790 996 ή
815 943 857 986 an
883 946 903 993 ,ιι
928 922 968 987 sit
998 920 1162 1011 scriptum.
1211 919 1305 1003 Quod
1338 918 1481 992 0v1n1us

305 1042 435 1097 venuste
470 1028 562 1094 dicit:
588 1030 706 1115 facies
732 1050 797 1092 non
823 1028 973 1092 omnibus
1001 1051 1070 1091 una
1106 1050 1170 1123 ‘nee
1195 1026 1335 1091 debersa
1371 1035 1482 1093 tamen

301 1138 433 1227 qualem
461 1136 552 1202 decet
580 1157 652 1201 esse
680 1150 851 1210 sororum,
878 1131 965 1197 idem
995 1131 1036 1197 de
1054 1131 1119 1196 illis
1137 1130 1252 1197 litteris
1272 1130 1340 1198 dici
1360 1144 1479 1222 potest.

303 1242 338 1309 Si
365 1241 436 1332 quis
464 1239 528 1306 boc
556 1240 620 1329 egit
644 1251 677 1304 et
702 1238 784 1306 bene
806 1237 926 1304 Graece
946 1237 1006 1303 scit
1023 1237 1120 1328 longo
1142 1258 1201 1303 usu
1220 1236 1347 1326 aliquid
1367 1239 1480 1315 discri-

303 1351 398 1418 minis
425 1347 606 1414 observabit
628 1368 670 1411 ne
700 1368 803 1411 errore
823 1345 942 1435 possit,
965 1345 1023 1409 ubi
1040 1345 1197 1411 remiseris
1217 1344 1344 1434 aliquid
1364 1346 1482 1412 iterum

303 1456 480 1522 miscentur
507 1452 621 1517 omniu.
668 1450 868 1517 llusrcnrunr
893 1473 986 1541 saepe
1009 1474 1045 1516 ea
1065 1475 1114 1518 res
1132 1451 1166 1516 in
1185 1449 1334 1518 fraudem
1354 1452 1483 1525 induxit

303 1584 405 1651 quum
433 1560 539 1639 Ἥρινε
567 1580 626 1647 pro
655 1566 735 1639 κρῖνε
764 1556 932 1635 scriberet,
951 1568 1008 1621 eut
1026 1559 1151 1634 ἐνικλᾶν
1173 1578 1232 1647 pro
1252 1558 1405 1633 ἐνικλᾶν,
1430 1571 1482 1624 eut

304 1667 415 1742 εὐήλυι
448 1685 508 1752 pro
537 1663 660 1727 εὕκλονι.
724 1661 1006 1752 Apud,·Pnorlurt
1036 1660 1115 1728 cod.
1143 1666 1197 1728 94.
1229 1686 1262 1752 p.
1293 1652 1352 1729 75.
1382 1659 1482 1745 οὗκρον

304 1770 473 1847 scribitur,
489 1791 589 1858 quum
613 1768 733 1834 i'nnurr
750 1769 930 1859 principem
948 1780 1110 1859 oporteret
1129 1766 1293 1856 (Οὐήρον),
1312 1780 1352 1846 et
1366 1770 1482 1859 possim

307 1876 352 1941 sic
371 1874 492 1940 scribae
510 1885 632 1940 ueteres
651 1873 899 1940 hallucinantur.
946 1874 1020 1941 Non
1041 1874 1165 1942 acutius
1184 1886 1322 1943 cernunt
1338 1873 1484 1943 homines

306 1980 499 2057 doctissimi,
525 1978 611 2068 quod
635 1978 760 2045 duobus
788 1980 942 2070 exemplis
963 1972 1199 2046 demonstrabo.
1245 1978 1285 2045 In
1305 1980 1381 2048 loco
1404 1982 1485 2051 Pm-

309 2105 402 2152 roms
424 2086 540 2151 comici
560 2085 646 2176 apud
668 2087 793 2153 rlrnnn.
812 2097 850 2153 X.
866 2112 898 2177 p.
919 2077 1039 2154 44221.
1055 2088 1161 2155 editur
1177 2085 1310 2153 verbum
1327 2092 1485 2168 κινήπιῖιν,

306 2192 394 2285 qnod
424 2190 520 2257 nihili
556 2204 625 2272 est;
663 2192 695 2257 in
729 2192 840 2258 codice
873 2192 1042 2283 perspicue
1070 2193 1215 2271 βινήπιῖιν
1243 2204 1292 2259 est
1317 2192 1485 2284 scriptum.

305 2298 639 2365 Scnwnrcnnusnnus
669 2298 851 2365 felicissime
880 2298 1078 2364 correctione
1105 2295 1244 2362 restituit
1267 2296 1482 2387 fragmentum

304 2403 442 2472 Drrnmr
464 2402 550 2495 apud
574 2403 701 2470 Aruns.
724 2404 780 2471 IX.
804 2428 837 2495 p.
861 2406 936 2470 370.
959 2421 990 2470 r.

436 2508 574 2592 ρόἐφανος
598 2510 741 2591 λιπαροὶ,
766 2509 992 2591 σπλαγχνίδια
1016 2508 1144 2585 πολλοὶ,
1168 2508 1286 2592 σαρκία
1323 2559 1325 2564 .
1402 2530 1405 2536 ·

439 2613 642 2680 ἁπαλώτατ’.
671 2616 769 2681 Οὐδὲν
790 2615 841 2695 μα
864 2615 930 2681 Δία
950 2624 1017 2689 παῖς
1041 2616 1127 2695 ἐμοῖς
1151 2614 1213 2680 καὶ
1238 2622 1319 2691 τοῖς

436 2716 528 2798 ὅμοια
551 2717 733 2800 πράγματ’.
1320 2742 1322 2746 ’

304 2847 363 2917 pro
382 2825 435 2890 καὶ
459 2835 523 2900 τοῖς
544 2826 661 2916 reperit
679 2826 823 2909 βλίτοις,
847 2826 1026 2906 serissime,
1045 2847 1184 2916 nemque
1202 2824 1236 2893 in
1253 2824 1352 2893 unico
1372 2826 1483 2896 codice

307 2931 475 3023 perspicue
499 2931 653 3021 scriptum
673 2933 784 2998 inveni
803 2935 862 3013 βαι
887 2943 964 3006 ποῒς.
1014 2930 1114 3024 Copia
1136 2932 1357 3024 exemplorum
1382 2937 1484 3006 estin

307 3036 481 3101 ursicino
498 3036 697 3126 caeterisque
713 3037 826 3115 λέξεων
846 3036 1079 3112 conditoribus:
1099 3037 1203 3104 multa
1222 3038 1486 3109 Vrncnntmus

309 3139 463 3206 indicarit
491 3140 525 3206 in
550 3142 698 3210 Mc'scell.
730 3140 918 3212 Observare.
939 3145 1146 3212 Amstelaed.
1164 3143 1228 3210 rol.
1251 3143 1339 3212 Vlll.
1355 3171 1387 3238 p.
1410 3150 1483 3215 157.

309 3270 355 3337 sq.
389 3245 496 3336 qualia
525 3258 600 3312 sunt
631 3247 779 3321 Μινύκιος
805 3272 866 3339 pro
893 3252 1060 3334 Μινυήιος,
1083 3249 1219 3315 Νύσκιον
1246 3273 1306 3340 pro
1328 3255 1482 3332 Νυσήιον,

306 3354 470 3436 ἑπίκρκνος
500 3378 559 3446 pro
589 3356 769 3438 ἐπιήρανος,
799 3356 1036 3433 πολυκλήκαπα
1060 3380 1120 3447 pro
1146 3357 1406 3438 πολυήλοὶκατα,
1431 3369 1484 3424 nut

308 3473 419 3527 contra
441 3461 576 3542 κρυερόνε
601 3461 749 3543 Φριήπόν,
774 3484 836 3554 pro
849 3462 996 3545 Φρικπήν,
1018 3464 1139 3542 ἔνι’ήμον
1159 3486 1216 3553 pro
1237 3462 1422 3554 insuperis.
1440 3465 1485 3546 ἑρ-

301 3554 459 3654 σήεντα),
479 3564 606 3647 μυρίήοιι
627 3589 687 3657 pro
707 3578 835 3649 μυρῖκαι
856 3579 903 3647 et,
924 3567 1011 3658 quod
1031 3568 1128 3635 etiam
1145 3569 1274 3659 ¹turpius
1292 3580 1356 3649 est,
1370 3585 1394 3636 'o
1412 3569 1486 3637 loco

308 3673 482 3739 Homerico
509 3672 585 3737 deine
609 3673 649 3737 ,δὲ
670 3666 794 3755 Φρὲνας
813 3674 939 3754 Ἕκτορι
966 3676 1061 3753 μῦθος
1087 3673 1191 3764 glossa
1210 3686 1258 3740 est
1277 3674 1389 3752 deine:
1413 3676 1487 3744 ἐλύ-

205 3793 207 3798 ’
310 3805 403 3856 πήοε.
438 3790 502 3842 tam
534 3775 617 3842 nibil
647 3777 699 3843 isti
733 3780 884 3867 cogitant.
927 3777 1182 3869 ⁴Nonnumquam
1212 3802 1353 3854 errorem
1381 3803 1519 3847 errore.

311 3885 478 3949 cumulent
511 3893 548 3946 ot
573 3880 658 3971 apud
687 3879 821 3949 Surnrnr
848 3904 877 3950 r.
903 3883 1062 3965 πανδήμου
1084 3909 1143 3977 pro
1169 3884 1339 3978 πάγκοινον
1367 3887 1485 3980 legitur

310 3991 494 4066 παγήσιμον
520 3986 641 4075 triplici
659 3987 746 4054 vitio.
794 3987 889 4055 Plura
907 3988 952 4053 de
967 4012 1082 4078 genere
1101 3991 1164 4056 boc
1182 3991 1322 4058 Bssrrns
1342 3993 1489 4085 collegit,

311 4103 347 4156 ut
376 4092 484 4162 νέκλυς
513 4113 572 4179 pro
603 4091 734 4169 νέκλυς,
765 4095 892 4177 εὐήνίσῳ
927 4118 986 4184 pro
1012 4097 1159 4178 εὐκνίοῳ,
1185 4097 1257 4164 alia.
1303 4097 1409 4190 Saepe
1429 4101 1488 4169 viri

313 4196 401 4262 docti
427 4206 563 4286 peccaut
593 4196 627 4260 in
656 4195 820 4263 codicibus
853 4199 1069 4286 describendis
1089 4202 1207 4268 similes
1232 4201 1288 4269 has
1306 4203 1488 4274 litterarum

309 4304 427 4391 ligurus
447 4301 688 4369 confundentes.
723 4303 851 4396 insigne
871 4307 1053 4397 exemplum
1073 4309 1168 4375 estin
1188 4308 1327 4376 Scholiis
1343 4311 1490 4395 Venetis,

308 4408 348 4472 ad
376 4406 486 4473 lliudis
514 4417 549 4474 K.
578 4412 653 4475 431.
679 4411 752 4492 πρὸς
783 4413 826 4484 τοὶ
847 4413 922 4492 περὶ
951 4413 1095 4486 Κιλικίας
1119 4416 1269 4482 Ἡσιόδου.
1319 4420 1401 4486 Rern
1426 4443 1485 4487 ocu

312 4514 417 4604 tetigit
439 4515 625 4596 LnnRSIUS,
649 4517 705 4607 qni
725 4514 1071 4598 silimbremendavit,
1088 4532 1119 4584 et
1139 4519 1172 4584 id
1190 4521 1296 4612 ipsum
1317 4524 1351 4590 in
1368 4525 1489 4604 Codice

254 4687 257 4690 ,
301 4624 462 4714 scripturn
494 4645 560 4709 esse
589 4623 685 4693 ridi.¹
712 4623 795 4708 Quas
825 4625 933 4691 turbas
964 4625 1044 4691 dure
1071 4627 1174 4693 solent
1208 4655 1237 4695 κ.
1272 4631 1309 4710 β.
1341 4656 1371 4706 κ.
1401 4633 1486 4698 mole

210 4751 214 4760 ·
304 4729 415 4808 lecto,
438 4727 570 4801 eaedem
592 4741 747 4820 apparent
764 4730 799 4797 in
819 4730 1045 4820 coniunctione
1066 4732 1244 4803 litterarum
1260 4761 1299 4802 κυ
1318 4749 1350 4804 et
1369 4762 1423 4822 κν,
1437 4739 1487 4820 βυ
