3309 5750
844 630 906 693 176

292 846 454 915 apparere.
502 822 605 913 Ipsius
635 821 731 888 rerba
760 822 926 889 subiiciam
949 834 972 890 ¹.
1019 825 1129 891 Dicam
1155 828 1233 918 quid
1259 829 1304 893 rei
1324 829 1374 894 sit.
1421 827 1461 893 ln

294 931 413 999 Codice
442 929 624 995 luculenter
652 941 783 1020 apparet
810 955 826 996 a
849 931 952 1021 prima
971 956 1068 998 manu
1088 933 1155 999 sine
1178 934 1242 1000 ulla
1264 935 1465 1001 correctione

292 1039 343 1105 vel
373 1036 618 1127 interpolatione
646 1036 802 1125 scriptum
832 1040 912 1102 csse:
929 1038 1026 1117 νέμω
1050 1040 1080 1104 δὲ
1107 1018 1242 1120 τράνους
1268 1047 1328 1105 τῶν
1352 1041 1463 1105 τούτου

292 1143 371 1222 βοῶν
390 1144 545 1224 μείζονάς.
578 1142 635 1219 ἔξω
658 1141 689 1206 δέ
714 1147 731 1229 ΙΙ
751 1144 835 1206 οὐδὲν
856 1144 915 1207 άτ’
941 1145 1052 1211 αὐτῶν.
1086 1145 1120 1210 in
1151 1152 1210 1211 τῶν
1239 1148 1465 1211 circumflexus

295 1268 368 1311 cum
389 1247 489 1312 vocali
511 1269 575 1311 uno
596 1245 697 1310 ductu
717 1246 931 1324 continuatur,
951 1247 984 1311 in
1004 1248 1113 1314 τούτου
1130 1250 1267 1315 secunda
1283 1250 1466 1342 diphthon-

296 1375 354 1443 gus
372 1364 447 1417 nota
464 1353 566 1417 lorma
586 1351 723 1440 implexa
747 1352 951 1441 praecedenti
974 1352 1098 1419 litterae
1117 1357 1327 1447 suprascripta
1348 1369 1414 1436 cst,
1431 1357 1466 1421 in

295 1458 439 1541 μείζονάς
473 1457 604 1548 liquido
625 1468 754 1546 apparet
781 1458 836 1536 μετ’
863 1458 987 1547 reliqua
1018 1459 1068 1525 rix
1096 1474 1285 1537 cernuntur,
1317 1462 1373 1527 sed
1401 1485 1467 1527 non

296 1575 342 1629 cst
365 1561 405 1627 de
426 1585 464 1627 eo
487 1562 645 1627 vocabulo
663 1562 891 1641 controversia,
909 1574 976 1626 turn
995 1562 1052 1639 ἔξω
1071 1564 1160 1628 nullo
1180 1565 1309 1654 negotio
1327 1565 1468 1631 discerni

294 1680 401 1759 potest
422 1679 453 1731 et
475 1668 506 1732 δέ
527 1669 560 1732 in
581 1668 721 1732 ert'remo
742 1689 844 1732 uersu.
878 1667 1144 1757 lnterpolationis
1162 1694 1226 1735 non
1247 1683 1293 1736 est
1313 1672 1386 1735 vola
1406 1692 1467 1737 nec

295 1774 474 1861 vestigium.
524 1771 630 1855 Quum
660 1771 740 1837 haec
767 1784 982 1862 perscrutarer
1010 1772 1189 1841 Comuntur
1215 1777 1376 1867 Epistola
1398 1786 1468 1841 erat

295 1880 337 1945 ad
368 1902 519 1957 manum,
551 1901 685 1968 eamque
717 1878 755 1943 ad
785 1879 906 1968 singula
935 1880 1108 1968 erigebam.
1161 1882 1259 1947 Lecta
1291 1881 1471 1948 Couurutttt

297 1984 519 2051 criminatione
547 1984 653 2048 locum
676 1983 716 2048 de
738 2007 822 2049 novo
844 1986 1054 2058 intentissima
1076 2009 1150 2052 cura
1171 1988 1278 2078 relego
1298 1986 1470 2075 investigo·

297 2115 361 2183 que
390 2090 515 2181 ecquod
546 2102 626 2155 esset
652 2089 746 2155 buius
774 2090 912 2170 fraudis,
941 2114 1037 2182 quam
1064 2094 1221 2182 arguerit,
1249 2093 1299 2160 rel
1321 2091 1470 2157 tenuissi-

297 2222 387 2265 mum
418 2196 583 2263 indicium.
643 2195 735 2279 Quod
766 2207 844 2262 tunc
872 2198 906 2262 in
938 2195 1181 2264 Commentariis
1212 2196 1471 2289 indignabundus

299 2302 466 2393 adscripsi:
490 2300 779 2393 impudentissime
798 2306 975 2380 occulitur,
1008 2325 1094 2367 nunc
1122 2316 1158 2368 ut
1182 2303 1214 2367 in
1239 2326 1273 2368 re
1296 2314 1382 2367 certa
1403 2324 1469 2367 non

299 2409 412 2477 dubito
441 2409 547 2499 palam
574 2406 796 2497 pronunciare.
830 2408 887 2485 ἔξω
910 2408 1060 2497 seriptum
1084 2420 1131 2473 est
1151 2432 1169 2473 a
1188 2409 1296 2498 stipite
1316 2431 1374 2498 pro
1395 2406 1470 2489 άζυ,

298 2529 334 2583 ut
354 2537 446 2604 saepe
467 2517 487 2597 ζ
506 2514 575 2592 et}
599 2511 785 2591 confundit,
801 2513 927 2590 ἐξῄτουν
949 2496 1089 2579 scribens
1108 2538 1167 2604 pro
1186 2516 1321 2597 ἐζήτουν,
1344 2525 1377 2578 ct
1398 2534 1472 2602 pas-

298 2624 357 2689 sim
389 2620 526 2685 absurda
554 2631 585 2685 et
618 2618 752 2683 barbara
780 2618 952 2708 scriptitat,
986 2640 1022 2684 er
1053 2619 1170 2709 quibus
1196 2617 1396 2682 simillimum
1425 2625 1472 2681 est

298 2753 330 2819 p.
353 2731 405 2793 37.
439 2725 582 2802 ἕξάννυτο
611 2735 643 2788 et
671 2727 744 2789 156.
773 2724 946 2802 ἕξουμένου
978 2746 1035 2813 pro
1061 2725 1204 2805 ε’ζάννυτο
1230 2734 1262 2787 et
1288 2722 1470 2804 ἐζυομένου.

299 2834 382 2898 Vera
412 2831 508 2920 igitur
536 2829 691 2919 scriptura
720 2840 785 2906 est,
816 2850 912 2918 quam
944 2828 1052 2894 Fumo
1073 2827 1195 2918 primus
1218 2825 1364 2892 dederat:
1390 2825 1470 2904 νέμω

298 2941 329 3004 δὲ
360 2935 494 3016 τράγους
518 2939 577 2998 τῶν
600 2933 709 2998 τούτου
739 2934 818 3011 βοῶν
844 2933 1007 3014 μείζονος,
1039 2932 1094 3016 άζυ
1119 2934 1150 2996 δὲ
1174 2933 1256 2996 οὐδὲν
1280 2933 1338 2996 άτ’
1356 2933 1470 2996 αὐτῶν.

297 3040 459 3109 Coouruu.
491 3039 614 3105 censuit
644 3051 716 3128 post
749 3038 855 3104 omnia
887 3038 995 3119 locum
1025 3039 1070 3104 sic
1095 3060 1160 3103 esse
1191 3035 1471 3102 constituendum:

300 3149 380 3226 νέμω
405 3147 436 3210 δὲ
465 3145 618 3226 τράγους,
651 3142 682 3218 de
713 3149 745 3225 γ’
772 3145 884 3217 αὐτοὺς
914 3146 994 3223 βοῶν
1019 3144 1162 3222 άμείνους
1189 3143 1324 3224 τνρέξυ.
1358 3143 1413 3224 ὄζω
1441 3143 1472 3208 δὲ

300 3252 383 3319 οὐδὲν
404 3252 462 3316 άτ’
480 3252 598 3324 οὔτῶν,
619 3251 800 3329 ,admoneus
824 3250 979 3316 Tout‘lou
1003 3250 1147 3315 docuisse
1167 3245 1199 3320 άς
1223 3274 1262 3327 γε
1282 3260 1315 3312 et
1334 3246 1392 3316 άςε
1413 3248 1474 3312 ali-

300 3353 432 3446 quando
454 3355 585 3421 confusa
606 3357 713 3424 foisse.
762 3356 824 3440 Qui
849 3355 927 3420 haec
948 3355 1030 3421 bene
1053 3355 1171 3420 Graece
1193 3353 1277 3418 dicta
1297 3377 1363 3420 esse
1377 3367 1475 3445 puta-

302 3462 366 3540 bit,
387 3484 450 3527 non
470 3484 581 3528 recuso
606 3463 794 3554 quominus
817 3462 847 3528 ei
875 3461 915 3527 de
941 3460 1120 3528 Couulunn
1138 3459 1324 3525 Graecitatis
1344 3443 1478 3529 scientia

301 3569 438 3634 nimium
463 3569 674 3638 inclementer
693 3570 806 3638 dixisse
825 3580 856 3634 et
877 3569 987 3658 inique
1012 3567 1107 3632 nimis
1134 3569 1250 3631 sentire
1272 3566 1388 3633 ridear.
1435 3567 1475 3633 In

336 3744 355 3809 ¹)
376 3745 475 3804 νΝέμνυ
493 3744 523 3794 dd
541 3747 656 3810 τράγους
673 3743 706 3802 ὡς
721 3744 835 3800 τούτους
849 3745 924 3804 βοῶν
939 3744 1131 3804 petrarum...
1150 3743 1245 3796 Earn..
1266 3739 1357 3791 οὐδέν.
1383 3742 1476 3795 C'e‘tait

299 3833 326 3881 la
349 3831 467 3880 l'endroit
489 3832 520 3879 de
543 3838 598 3879 tous
621 3832 645 3879 le
669 3831 724 3892 plus
742 3828 868 3879 maltraite
885 3829 947 3875 dans
967 3826 1093 3888 l'original
1109 3827 1195 3889 quand
1212 3842 1274 3875 nous
1291 3828 1316 3876 le
1333 3829 1475 3891 eopidmes,

299 3915 366 3974 moi,
390 3915 457 3962 ΜΜ.
476 3915 554 3963 Furia
571 3921 596 3963 et
613 3913 727 3962 Bencini.
763 3913 834 3962 Nous
851 3927 869 3975 y
885 3913 1011 3960 revlnmes
1028 3910 1150 3975 plusieurs
1167 3911 1214 3960 sois
1231 3919 1256 3960 et
1274 3915 1317 3974 n'y
1334 3916 1422 3975 ptimes
1436 3915 1475 3977 ja·

299 3998 363 4046 mais
386 3998 525 4059 distinguer
546 4011 595 4060 que
618 4011 646 4045 ce
663 4009 712 4058 que
730 3995 777 4058 j'ai
799 3994 884 4043 donne
902 3991 996 4042 totidem
1017 3992 1103 4041 litteris
1119 3995 1182 4043 dans
1199 4011 1259 4044 nron
1274 3996 1376 4045 e‘dition.
1412 3999 1473 4049 J'en

300 4081 368 4137 avale
386 4079 430 4127 fait
446 4079 506 4126 trois
523 4078 617 4139 copies,
636 4083 794 4125 exactemcnt
810 4076 916 4137 figurees
934 4091 976 4123 sur
994 4090 1044 4124 une
1062 4078 1144 4126 meme
1162 4078 1255 4128 feuille.
1282 4078 1353 4130 Cette
1371 4081 1473 4143 feuille,

300 4163 404 4228 ddposo'e
421 4163 438 4209 b
456 4162 481 4209 lu
498 4160 667 4223 bibliotheque
686 4167 710 4208 et
723 4159 805 4223 jointe
822 4175 856 4208 eu
872 4161 1021 4211 manuscrit.
1039 4176 1133 4224 prouve
1150 4166 1227 4226 qu'on
1244 4179 1262 4226 y
1279 4165 1347 4213 lisuit
1363 4166 1429 4215 alors
1444 4182 1474 4217 ce

300 4264 350 4315 que
370 4247 416 4310 j'ai
437 4244 534 4308 publio:
560 4244 578 4292 il
602 4250 639 4292 est
661 4244 716 4293 urai
736 4245 813 4307 qu¹on
831 4258 849 4306 y
866 4243 896 4290 lit
914 4244 1084 4304 maintenent,
1108 4261 1206 4294 comme
1229 4247 1253 4295 le
1271 4248 1308 4296 uit
1325 4249 1362 4298 M.
1381 4250 1475 4303 Furia:

301 4331 356 4383 τῶν
373 4330 473 4380 τούτου
488 4327 562 4389 βοῶν
578 4329 722 4391 μείζονας,
749 4328 815 4376 aussi
837 4327 983 4377 clairement
1005 4344 1055 4392 que
1078 4331 1140 4378 dans
1164 4347 1245 4380 aucun
1263 4332 1326 4380 livre
1344 4334 1476 4396 imprim65
1496 4388 1499 4392 ,

303 4417 367 4471 mais
384 4416 444 4462 c'cst
461 4428 511 4464 une
528 4413 663 4464 correction
681 4413 792 4472 recente,
816 4413 875 4461 faite
890 4413 987 4476 d’apres
1004 4429 1047 4462 ma
1063 4416 1216 4465 traduction:
1240 4416 1294 4476 oui,
1307 4419 1423 4482 jeqordc
1441 4420 1476 4470 tas

304 4500 399 4551 obdures
416 4505 438 4546 ct
457 4496 489 4546 les
506 4494 579 4544 rende
595 4494 725 4548 meilleures
739 4512 784 4560 que
797 4511 825 4543 ne
843 4502 922 4542 scront
932 4494 1025 4559 jumuis
1044 4495 1077 4544 les
1093 4497 1178 4545 cocles
1194 4497 1224 4546 de
1241 4499 1340 4550 celui-ci.
1367 4503 1414 4552 Cet
1432 4519 1476 4557 en·

303 4586 369 4637 droit
389 4599 405 4632 a
427 4582 467 4633 dte
486 4580 604 4631 retouohe'
625 4581 646 4632 si
669 4580 886 4631 molcdroitemeut
905 4581 969 4632 dans
985 4580 1010 4629 le
1027 4583 1176 4641 manuscrit,
1199 4599 1248 4648 que
1266 4586 1420 4650 l'imposture
1438 4597 1477 4640 est

305 4670 418 4723 visible.”

340 4754 458 4809 Eiusdem
477 4755 513 4802 est
530 4748 565 4800 ric
582 4748 684 4798 mentiri
701 4755 726 4801 et
742 4747 861 4802 Codicem
878 4747 910 4798 de
927 4745 1049 4797 industria
1065 4762 1231 4814 corrumpere.
