3309 5750
880 622 921 683 827.

543 796 574 869 ἐς
598 795 640 860 τύ
668 794 816 876 καθύρεια
840 796 931 873 λιμὸς
955 793 1159 875 εἶσοιιιέζεται.

337 897 497 965 Brnrrnus
532 898 673 965 nondum
710 901 873 987 perspexit
908 899 1065 982 noctipetae
1102 899 1251 963 Groeeum
1289 919 1379 977 esse,
1414 921 1480 966 non

293 1005 455 1089 καθάριος,
491 1004 574 1091 quod
604 1006 739 1071 retinuit
770 1010 812 1082 8,
836 1011 879 1082 6,
902 1010 932 1071 4.
992 1006 1193 1090 Quamquam
1221 1004 1263 1070 rit
1285 1009 1391 1085 χρυσοῖ
1417 1006 1477 1082 ἔτη

293 1118 370 1177 sunt
392 1111 547 1196 sequioris
570 1110 705 1188 aetatis,
726 1118 835 1175 tamen
857 1110 897 1176 alt
920 1110 980 1176 hae
1001 1110 1071 1177 taire
1091 1110 1249 1175 immunia
1277 1118 1353 1176 snut
1376 1119 1479 1178 recte·

293 1237 356 1303 que
380 1216 499 1303 legitur
519 1236 565 1281 vs.
589 1221 648 1281 55:

495 1320 614 1403 Εἰθέζον
637 1322 668 1387 δὲ
688 1321 810 1387 δίαιταν
832 1321 917 1401 ἔχειν
941 1320 1119 1403 καθύρειον,
1142 1320 1304 1401 ἄθρυπτον.

293 1426 328 1492 in
355 1446 421 1513 seq.
452 1425 475 1515 3
504 1431 555 1492 15.
587 1427 602 1491 ὁ
631 1427 663 1492 δὲ
688 1428 806 1493 οὶκούων
832 1424 854 1492 ἃ
879 1424 913 1504 ἦν
943 1426 1067 1506 μεταξὺ
1100 1427 1297 1504 ἐπαιδεύετο,
1329 1447 1477 1513 expuuge

291 1528 383 1610 atti.
429 1532 466 1597 ln
491 1530 617 1597 Timone
638 1538 680 1609 tt,
705 1536 758 1598 58.
782 1534 876 1612 ἐχρῆν
896 1534 953 1611 μὲν
980 1531 1052 1607 ἴσας
1072 1530 1125 1597 καὶ
1149 1533 1256 1613 μακρὰ
1280 1534 1378 1598 εἰπεῖν
1397 1530 1478 1598 ούτοι.

291 1637 398 1704 πολλοὶ
422 1638 480 1702 ὑπὸ
505 1642 557 1701 σοῦ
580 1638 848 1719 κατηγορηθέντα,
879 1639 994 1702 uitium
1027 1636 1117 1701 alunt
1145 1634 1223 1702 haee
1252 1638 1366 1713 verba,
1391 1637 1477 1723 quod

291 1743 338 1809 ita
371 1741 587 1827 deprehendes
620 1743 647 1807 si
685 1743 873 1808 memineris
905 1747 1137 1824 κατηγοροῦμοιι
1173 1741 1221 1807 vei
1255 1742 1476 1824 κατηγόρημαι

291 1845 342 1914 uel
358 1848 568 1928 κατηγορήθην
580 1847 642 1926 ε’γύ
663 1848 727 1914 dici
745 1868 807 1914 nou
820 1868 929 1935 posse,
947 1848 1002 1914 sed
1023 1846 1234 1928 κατηγόρηται
1253 1850 1345 1927 ἕριοῦτ
1368 1848 1477 1933 itaque

290 1955 317 2021 οθ
338 1954 595 2034 κατηγορούμεναι
616 1952 700 2039 apud
724 1973 778 2018 eos
794 1961 923 2019 tantum
944 1960 1117 2038 apparent,
1141 1953 1196 2038 qui
1216 1954 1342 2038 antiqui
1357 1974 1476 2019 sermo-

291 2059 343 2125 nis
368 2060 508 2145 turpiter
530 2058 635 2144 ignari
656 2065 733 2123 sunt
752 2078 810 2144 pro
831 2060 857 2123 οἱ
876 2058 1071 2141 φεύγοντες,
1096 2066 1133 2122 ut
1156 2059 1189 2122 in
1209 2059 1367 2134 oratione,
1393 2080 1476 2145 quae

289 2164 465 2231 Aunocmun
485 2172 648 2229 auctorem
667 2164 826 2229 mentitur
848 2163 886 2228 de
908 2162 1067 2249 Mysteriis
1091 2162 1114 2251 3
1138 2168 1168 2229 6.
1189 2164 1284 2230 rerba
1308 2163 1365 2233 ύςε
1390 2166 1474 2245 ὑμᾶς

290 2271 372 2336 πολὺ
403 2267 441 2335 θον
471 2269 548 2346 iiiior
573 2269 658 2345 δίκην
691 2270 805 2348 λαβεῖν
832 2268 920 2350 νεαροὶ
952 2274 1010 2334 τῶν
1039 2269 1218 2351 κατηγόρων
1248 2270 1373 2351 irrepit
1401 2277 1473 2336 τῶν

288 2374 632 2456 κατηγορουμένων
668 2373 716 2440 vel
749 2372 816 2439 sula
853 2372 999 2440 fraudem
1029 2382 1186 2460 retegunt.
1247 2374 1403 2440 Dicebant
1429 2376 1473 2441 τοὶ

289 2480 528 2562 κατηγορημένα
548 2489 580 2546 et
603 2480 646 2546 rit
668 2478 940 2562 κατηγορηθέντα,
973 2478 1068 2566 idque
1089 2481 1195 2566 ipsum
1219 2479 1370 2544 Lucrinus
1389 2477 1474 2545 dixe·

286 2593 339 2652 rat
365 2585 420 2651 sed
443 2585 516 2668 τρύς
540 2585 721 2663 intercidit,
751 2593 788 2651 ut
821 2585 1019 2662 sexcenties,
1048 2585 1087 2650 ob
1116 2584 1230 2669 siglam
1261 2583 1403 2650 librariis
1426 2604 1472 2649 se-

288 2690 454 2777 quioribus
478 2710 544 2756 non.
565 2690 782 2756 intellectam:
815 2690 950 2755 restitue
973 2691 1046 2773 πρὸς
1075 2688 1152 2756 οὕτω
1174 2687 1472 2757 τολλύεεῑιιιίέίῑοτ

288 2796 322 2861 in
353 2796 472 2861 vicinia
503 2794 527 2884 3
563 2800 615 2860 Ἠ.
640 2796 905 2876 ἀμβλυώττοντες
929 2796 971 2861 τα
1001 2801 1180 2871 τηλικαῦτα
1205 2792 1355 2859 Graecum
1387 2795 1472 2872 erit,

287 2903 315 2968 si
333 2902 408 2984 πρὸς
428 2901 471 2967 ‘rit
500 2907 680 2976 τηλικαῦτα
702 2920 856 2986 reponem,
883 2909 919 2965 ut
952 2906 1009 2967 to.
1038 2908 1067 2968 1.
1102 2902 1303 2981 ἀμβλυώττω
1338 2903 1411 2983 πρὸς
1435 2903 1470 2969 τὸ

285 3012 364 3092 φῶς.
391 3005 453 3072 Sed
473 3005 592 3071 leviora
616 3005 695 3071 haec
717 3013 794 3071 sunt
814 3005 897 3071 etin
922 3004 1010 3070 aliud
1031 3015 1158 3092 tempus
1177 3006 1376 3092 seponenda:
1403 3017 1470 3073 tur·

285 3111 456 3198 pissimum
482 3109 635 3176 mendum
659 3118 708 3177 est
732 3109 771 3176 ab
798 3110 877 3196 ipsis
905 3109 1090 3176 Editoribus
1115 3113 1279 3177 invectum
1310 3113 1343 3176 in
1367 3111 1466 3182 libro:

288 3216 443 3295 Quomodo
474 3217 514 3282 sit
537 3215 677 3282 Historia
706 3216 924 3282 conscribendo
948 3221 989 3282 ut
1014 3215 1038 3306 3
1059 3221 1113 3282 49.
1137 3215 1191 3282 uhi
1216 3217 1369 3284 historico
1393 3218 1471 3286 haec

283 3330 453 3410 praecepta
485 3330 666 3409 ponuntur:
697 3324 741 3401 μη
771 3322 845 3405 τρὸς
874 3320 904 3387 ἓν
921 3322 1010 3405 μέρος
1033 3321 1152 3405 θρύτιο,
1178 3357 1224 3370 -
1245 3325 1321 3389 αλλ’
1345 3326 1376 3399 ἐς
1400 3327 1472 3400 τοὺς

281 3429 457 3511 ςροιτηγοὺς
478 3429 536 3509 μὲν
554 3428 598 3495 τα
621 3435 727 3511 οτριύτα
749 3428 801 3494 καὶ
825 3426 855 3492 εἴ
876 3452 906 3493 τι
933 3429 1203 3510 παρεκελεύσαντο
1237 3430 1359 3494 κακεῖνο
1378 3431 1469 3506 οέκη-

281 3536 437 3603 κούσθιοε
463 3535 536 3621 quis
551 3554 705 3620 umquam
724 3532 895 3599 foediorem
918 3534 999 3599 vidit
1018 3534 1196 3600 barbariem
1214 3555 1311 3620 quam
1335 3537 1368 3601 in
1393 3538 1470 3612 oten-

281 3640 421 3709 nnicde?
457 3642 609 3718 ἥκονομαι
634 3648 667 3705 et
692 3639 838 3716 ἠκούσθην
872 3639 988 3704 Graeco
1013 3646 1146 3704 suntet
1175 3659 1268 3726 saepe
1302 3641 1468 3726 leguntur.

280 3747 416 3815 Gratum
439 3746 617 3811 Prurineuc
641 3741 777 3820 ieceriS,
801 3744 828 3807 si
853 3743 882 3807 ei
912 3743 945 3807 in
970 3743 1037 3808 vita
1066 3741 1210 3810 Marcelli
1231 3767 1300 3832 cap.
1321 3747 1360 3811 V.
1398 3751 1466 3814 ε’τεὶ

280 3853 406 3935 τρισμὸς
434 3849 636 3926 ἠκολούθει
660 3845 756 3926 iouia,
776 3846 954 3913 reddideris
975 3849 1122 3925 ἠκούσθη,
1145 3850 1327 3916 auditorem
1353 3854 1469 3919 soricis

280 3963 452 4031 occentuS,
477 3973 540 4018 nou
563 3952 757 4038 sequebatur.
787 3952 891 4017 -Nrnn
914 3961 963 4019 est
983 3951 1110 4019 facilius
1130 3974 1226 4040 qnam
1252 3957 1377 4024 Lucrini
1401 3979 1468 4025 ma·

279 4081 358 4129 num
381 4059 562 4125 restituere.
608 4058 645 4123 ln
670 4057 833 4124 codicibus
855 4066 902 4125 est
920 4059 1104 4135 οὶκηκύστιο,
1121 4061 1296 4139 οὶκύκοστο,
1315 4065 1469 4139 ούκηκούσ·

278 4190 334 4242 το,
358 4164 562 4241 θκηκούστιο,
596 4165 783 4243 ἦκήκονοτο,
809 4174 971 4231 corrector
998 4165 1189 4231 temerarius
1212 4167 1342 4234 tandem
1379 4169 1468 4236 dedit

278 4273 312 4338 iu
333 4269 458 4337 duobus
481 4269 572 4334 libris
589 4269 784 4348 οέκηκούοθοι,
805 4270 901 4357 idque
914 4272 1062 4361 imperite
1085 4271 1230 4360 probavit
1248 4272 1467 4354 Farrzscrnus,

279 4396 374 4464 quem
393 4376 512 4442 caeteri
536 4376 659 4441 incauti
680 4384 870 4462 sequuntur.
917 4376 953 4442 In
982 4376 1166 4455 οὶκηκύστιο,
1190 4398 1271 4463 qnae
1292 4381 1397 4468 prima
1416 4389 1466 4448 est

279 4483 356 4550 mali
383 4480 490 4560 labes,
515 4479 596 4546 maie
615 4480 693 4547 latet
715 4501 790 4547 vera
813 4481 975 4571 scriptura
1002 4482 1182 4560 οὶκηκοέτοι,
1206 4484 1317 4571 quales
1341 4484 1465 4554 formae

278 4589 410 4655 Lucrino
438 4593 512 4652 sunt
541 4587 573 4651 iu
609 4586 754 4665 deliciis,
778 4596 815 4653 ut
846 4588 877 4651 iu
902 4587 1012 4653 eadem
1042 4587 1065 4676 3
1090 4589 1222 4656 ἐοικέτω.
1255 4591 1331 4656 ibid.
1359 4591 1383 4680 3
1409 4597 1463 4658 45.

277 4695 453 4776 βεβηκέτω.
491 4694 820 4774 51,25.κεχηνὲτιο.
848 4692 1258 4778 torneamentum.
1307 4697 1372 4764 Hae
1404 4698 1464 4763 ior·
