3309 5750
886 626 905 685 2

307 800 358 876 lit,
383 795 582 864 corciecturoli
600 817 711 882 penem
738 797 929 878 studiorum,
953 797 1011 862 lucc
1032 809 1134 864 tceruen
1152 810 1243 887 porte
1261 800 1500 869 dlotltcumticos

302 904 475 969 imitamur.
522 901 629 967 Facile
652 902 816 969 credimus
836 904 903 967 uiro
925 923 1074 978 summo,
1099 925 1162 991 quo
1186 925 1280 972 nemo
1301 908 1422 973 virita
1447 934 1498 975 κε-

305 1007 424 1092 νοδοξίοι
437 1007 588 1084 alienior,
612 1027 711 1093 quum
734 1006 839 1073 addit:
861 1009 972 1093 paucis
994 1011 1076 1096 sorte
1100 1019 1241 1093 poteram
1264 1013 1420 1098 exemplis
1443 1036 1497 1079 uo·

304 1114 353 1178 uis
377 1124 497 1178 ceritum
530 1114 668 1178 diuersos
701 1133 842 1177 errorum
858 1117 964 1190 sontes
986 1114 1148 1179 iuvenibus
1169 1116 1282 1181 burum
1304 1140 1413 1183 rerum
1432 1129 1497 1185 stu·

301 1217 396 1282 diesis
407 1219 634 1295 demonstrare,
653 1217 738 1303 quod
755 1238 952 1303 quamquam
971 1218 1044 1282 istic
1066 1220 1247 1305 supersedit
1269 1222 1392 1300 lacere,
1406 1224 1496 1290 nullo

301 1324 429 1408 negotio
456 1321 591 1408 quilibet
626 1342 664 1387 ex
700 1324 831 1408 scriptis
851 1323 1074 1387 Vnicunnucsu
1106 1333 1258 1391 centenos
1291 1326 1397 1392 lontes
1420 1347 1495 1413 ape·

300 1432 405 1497 ruerit
428 1447 594 1504 errorum,
622 1426 707 1492 unde
734 1428 833 1493 certis
853 1428 942 1493 vitiis
962 1435 1050 1493 certa
1072 1428 1231 1495 medicina
1249 1430 1358 1497 afferri
1378 1434 1493 1518 possit.

302 1533 568 1620 Quandoquidem
607 1532 691 1618 apud
721 1553 770 1598 me
806 1531 900 1617 longo
930 1553 991 1598 usu
1033 1535 1112 1599 satis
1143 1543 1267 1600 constat
1301 1536 1383 1600 nibil
1421 1558 1492 1604 csse

299 1642 362 1707 bac
385 1635 646 1726 palaeograplrica
674 1638 797 1703 ratione
815 1636 979 1702 efficacius
1009 1644 1040 1701 et
1069 1640 1109 1705 ad
1128 1640 1314 1706 eximendos
1344 1661 1494 1722 ersom,

300 1766 381 1832 quos
403 1744 434 1807 ln
462 1740 611 1805 omnibus
640 1750 784 1807 veterum
809 1745 1028 1810 monumentis
1053 1746 1161 1831 inepta
1191 1745 1372 1811 scribarum
1403 1750 1493 1814 natio

301 1856 469 1917 sexcentos
500 1847 661 1911 commisit
688 1847 778 1935 (quos
802 1854 908 1912 tamen
935 1849 1079 1937 plerique
1104 1850 1241 1914 nimium
1265 1852 1428 1936 patienter
1449 1853 1492 1919 le·

297 1956 403 2022 rimus
437 1960 494 2017 aut
517 1960 729 2017 extenuamus
757 1961 814 2017 aut
838 1973 1052 2032 excusamus,
1086 1954 1181 2019 multi
1211 1975 1251 2021 ne
1282 1958 1493 2042 suspicantur

301 2057 467 2147 quidem),
491 2064 523 2121 et
544 2057 704 2142 imprimis
729 2057 767 2122 ad
790 2058 959 2124 excitanda
981 2068 1013 2124 et
1037 2059 1179 2125 acuenda
1209 2061 1337 2144 ingenia
1358 2082 1489 2143 eorum,

299 2163 356 2252 qui
384 2162 492 2228 neseio
519 2161 676 2247 quomodo
701 2161 820 2227 iudicio
854 2181 913 2228 suo
937 2163 1003 2228 vim
1027 2165 1153 2230 malunt
1184 2163 1299 2230 afferre
1321 2186 1417 2251 quam
1448 2168 1489 2233 ab

297 2265 490 2337 auctoritate
512 2265 774 2331 membranarum
798 2276 1000 2333 vetustarum
1025 2268 1195 2335 vellatum
1222 2289 1366 2355 unguem
1387 2270 1491 2339 disce·

296 2375 393 2452 dere,
414 2370 673 2459 quandoquidem
698 2371 800 2457 igitur
823 2370 901 2437 baec
927 2374 1012 2458 apud
1036 2393 1087 2441 me
1110 2374 1189 2439 satis
1208 2383 1375 2453 coustant,
1400 2378 1491 2445 iurat

297 2488 329 2549 et
351 2480 456 2566 ipsum
485 2478 589 2543 loutes
618 2477 789 2542 nonnullos
812 2479 938 2564 aperire
961 2499 1109 2546 errorum
1131 2499 1168 2545 ac
1196 2477 1311 2547 docere
1335 2483 1491 2568 quemad·

294 2583 428 2679 niodum
451 2582 561 2651 eadem
594 2584 713 2669 passim
738 2583 821 2649 mala
850 2581 961 2649 eadem
986 2583 1146 2650 medicina
1168 2603 1281 2652 sanare
1301 2590 1426 2672 possis,
1453 2598 1490 2657 ut

294 2712 333 2760 ex
364 2711 430 2757 uno
457 2689 525 2755 loco
556 2696 642 2754 recte
669 2697 701 2754 et
737 2687 874 2754 feliciter
900 2691 1052 2755 restituto
1082 2691 1204 2775 possint
1230 2690 1291 2755 loci
1316 2692 1371 2757 alii
1399 2715 1487 2762 com·

296 2793 455 2886 plusculi,
488 2794 638 2881 quoniam
667 2793 778 2858 morbo
798 2792 943 2859 laborant
969 2794 1098 2871 eodem,
1128 2794 1239 2860 eadem
1264 2815 1359 2882 opera
1390 2819 1490 2889 prope

295 2898 434 2969 tlixerim
460 2899 588 2964 restitui
610 2906 642 2963 et
667 2901 842 2985 personari.
875 2900 1089 2966 Luculentum
1115 2900 1296 2987 exemplum
1318 2902 1417 2971 buius
1441 2909 1490 2974 rei

295 3010 362 3074 'iam
396 3005 506 3070 statim
535 3022 742 3088 expromam,
770 3003 855 3068 uude
887 3007 1072 3071 coniectura
1102 3005 1156 3071 [iat
1188 3006 1227 3071 de
1254 3008 1400 3094 reliquis.
1450 2998 1491 3078 ln

294 3110 420 3179 Luctum
454 3107 618 3174 codicibus
651 3108 817 3194 legebatur
850 3109 896 3191 tin
926 3112 1012 3177 Diol.
1040 3110 1233 3176 Mortuerum
1264 3112 1302 3178 X.
1342 3114 1433 3182 Tom.
1459 3119 1487 3184 l.

295 3238 328 3306 p.
350 3213 451 3303 bibl:
487 3215 624 3280 νέννοον
651 3216 685 3280 τὸ
709 3215 806 3291 icles,
831 3214 954 3294 εὔθυνε,
979 3214 1000 3281 ὦ
1025 3219 1180 3298 πορθμεῦ,
1201 3219 1236 3282 τὸ
1257 3218 1430 3300 πηδάλιον,
1453 3220 1490 3292 εὖ

295 3322 484 3400 πάθωμεν.
534 3319 783 3387 νοοοκονονοιυο
806 3339 920 3386 verum
946 3321 1045 3388 vidit:
1071 3326 1302 3401 εὐπλοῶμεν.
1327 3323 1431 3395 Dicte.
1456 3350 1489 3417 p.

295 3432 373 3497 281.
413 3423 609 3515 bpplausnm
631 3432 701 3503 est,
722 3427 754 3490 iu
777 3425 923 3492 ordinem
941 3433 1107 3512 receptum
1126 3435 1192 3505 est,
1210 3428 1437 3510 confirmavit,
1458 3437 1488 3502 si

293 3530 481 3601 huiusmodi
505 3531 686 3599 emendatio
713 3533 810 3597 etiam
848 3530 1032 3597 confirmari
1064 3539 1189 3616 potest,
1214 3533 1312 3600 codex
1344 3537 1489 3622 optimae

297 3648 407 3714 notae,
436 3637 643 3712 θονὶἰοοοοὶο,
662 3635 717 3700 diu
742 3641 813 3720 post
835 3655 999 3700 excitssus.
1035 3635 1113 3716 Quis
1133 3644 1200 3721 est,
1222 3639 1279 3724 qui
1304 3639 1401 3707 buius
1424 3642 1490 3712 loci

295 3762 360 3810 non
388 3743 559 3806 immemor
583 3758 645 3804 non
673 3740 784 3804 statim
818 3740 994 3806 correxerit
1023 3747 1136 3826 poetae
1157 3742 1264 3810 locum
1291 3745 1323 3809 in
1358 3745 1489 3817 Sronmi

292 3842 470 3933 ‘Florllcpio
486 3843 548 3910 GV.
571 3844 623 3907 29.

479 3954 543 4023 τοῖς
567 3945 601 4014 εὖ
621 3949 805 4013 παθοῦσιν
828 3950 1053 4016 sustentatu
1077 3953 1198 4034 ἧτύχν

481 4055 524 4120 τὰ
544 4050 652 4119 πάντα
674 4061 810 4134 συγχεῖ·
835 4052 963 4119 πάντα
987 4064 1136 4135 occupatu
1157 4067 1249 4125 πονεῖ.

297 4159 387 4228 Satin
408 4165 534 4226 certum
553 4158 681 4223 videtur
703 4158 918 4224 revocandum
943 4178 1013 4226 esse
1032 4166 1286 4231 εὐνοοοοῦοννὲ
1319 4167 1437 4239 deinde
1460 4175 1492 4241 sl

296 4265 381 4352 κᾷοοο
405 4271 555 4343 occepso
589 4262 756 4329 retinueris
781 4264 849 4350 ipsa
870 4265 1056 4350 perelegans
1080 4267 1230 4354 allegoria
1248 4291 1287 4337 ex
1301 4293 1338 4339 eo
1356 4277 1490 4346 uaulra·

292 4372 349 4458 ‘gio
373 4371 520 4438 evaserit.
568 4379 628 4435 Λο
654 4388 694 4433 an
723 4378 782 4434 ΑΘ
807 4376 891 4434 esset
914 4373 1072 4457 scriptum
1098 4373 1131 4439 in
1150 4382 1275 4444 vetusta
1298 4382 1492 4453 membrana

293 4475 418 4544 librarii
442 4474 640 4563 antiquiores
659 4492 763 4560 neque
787 4472 889 4539 oculis
906 4475 986 4541 satis
1006 4477 1180 4562 cernebant
1196 4490 1227 4548 et
1251 4484 1265 4549 ὅ
1291 4492 1358 4561 νοῦς
1382 4495 1490 4574 πορὼν

293 4582 459 4662 ἀπεδήμει.
517 4579 660 4647 Habeant
695 4580 782 4646 enim
812 4577 890 4645 baec
919 4580 1040 4667 aliquid
1071 4588 1309 4669 excusationis,
1334 4598 1372 4658 ut
1404 4616 1490 4681 quae
