3309 5750
749 733 788 795 17

173 910 240 976 καθ’
263 904 331 986 θμθ
342 903 443 985 λιμοὶ
467 930 503 971 τε
519 911 569 990 τρῖ
594 904 711 987 φύσει
733 904 825 984 έθεοι,
852 923 963 970 verum
986 912 1035 970 est
1056 904 1257 986 κοιθομθιιομοέ
1270 930 1306 970 τε
1317 909 1360 989 τρῖ

169 1016 259 1098 φύσι.
291 1034 321 1099 p.
349 1017 436 1088 741,
462 1014 514 1077 25.
538 1010 599 1076 τθιν
618 1009 800 1092 φοέμεσεν
833 1009 988 1091 ἐνέργειαν
1011 1011 1125 1091 ιὶρετοῖς
1149 1010 1268 1085 codex,
1294 1010 1359 1076 cdi·

170 1117 372 1201 ιιιιφοέμες,
406 1118 529 1182 rectius
559 1116 691 1199 φοιμές,
729 1123 765 1179 ut
796 1114 837 1179 ab
870 1114 963 1179 initio
992 1115 1111 1196 φοιντθ,
1147 1136 1209 1182 non
1236 1114 1359 1200 Φθντι,

170 1224 256 1311 quod
282 1223 488 1310 participium
523 1229 582 1287 est.
621 1221 704 1296 741,
731 1223 784 1284 tr.
815 1218 922 1301 οἱνοὶρ
944 1218 1170 1294 elnocinium
1191 1219 1358 1287 nihilest:

169 1323 223 1407 τὲ,
247 1328 332 1417 quod
352 1330 386 1394 in
405 1326 474 1393 cod.
496 1332 565 1400 est,
590 1322 751 1408 siguificat
775 1322 903 1407 τέληος,
923 1324 1008 1411 quod
1029 1325 1215 1391 Girsronnus
1229 1325 1357 1412 reperit.

171 1439 258 1511 747,
284 1439 314 1499 a.
340 1431 400 1499 πιέν
421 1456 458 1497 τε
479 1428 581 1495 κοινθιν
601 1428 686 1493 νέκοιν
707 1428 856 1508 Simiou,
888 1428 948 1496 τοθν
975 1456 1012 1497 τε
1040 1432 1142 1496 κοινὰν
1164 1431 1250 1505 νθιιοις
1273 1433 1360 1496 νέκοιν

170 1539 284 1605 lituse.
309 1537 368 1603 τοθν
397 1561 434 1602 τε
458 1531 676 1599 κοινωνοιτικοέν
696 1532 890 1601 Gnrsronnus.
950 1534 1034 1615 Quid
1057 1555 1171 1601 verum
1197 1536 1238 1600 sit
1261 1536 1359 1601 certis

173 1642 321 1727 vestigiis
342 1638 489 1725 indagari
512 1646 627 1726 potest.
667 1638 715 1704 Ex
734 1640 868 1725 antiqua
890 1638 992 1706 forma
1010 1639 1153 1718 ξυνάονες
1178 1650 1291 1707 natum
1313 1647 1363 1706 cst

173 1746 311 1825 ξυνήονες
325 1746 456 1822 Ionum,
476 1743 649 1809 Atticorum
665 1742 807 1821 ξννῶνες,
830 1744 1030 1811 Dorienst'um
1041 1743 1179 1822 ξονοῖνες,
1193 1755 1229 1812 ul
1249 1748 1362 1828 ποιρθο·

171 1877 241 1936 ρος,
275 1851 432 1934 πιέροορος,
463 1849 623 1930 μετέωρος.
676 1848 798 1915 Eodem
827 1850 921 1916 modo
955 1870 994 1915 cx
1021 1850 1190 1926 conciam,
1226 1859 1362 1925 κοινῶνες

172 1958 269 2023 Attici
276 2008 285 2035 ,
308 1956 408 2022 Dorcr
430 1953 612 2020 formarunt
632 1959 791 2032 κοινῖινες,
808 1963 846 2021 ut
875 1976 913 2020 ex
938 1954 1055 2037 θεοθορος
1076 1956 1122 2020 illi
1147 1959 1246 2039 θεωροθ
1271 1966 1304 2022 at
1328 1956 1363 2021 hi

170 2070 362 2150 receperunt
378 2060 495 2142 θεοιροθ;
515 2059 590 2125 hinc
608 2059 708 2125 Dores
719 2060 861 2126 κοινοινέοι
882 2059 1030 2125 dicebant
1044 2110 1053 2138 ,
1066 2081 1128 2126 non
1141 2063 1282 2128 κοινωνέον
1298 2113 1305 2138 ,
1330 2067 1363 2127 et

168 2189 228 2257 pro
250 2167 415 2241 κοινιονικθς
436 2165 483 2230 illi
506 2164 673 2238 κοινιινικθς
698 2164 869 2249 ponebant.
915 2164 1137 2232 obscurarunt
1161 2168 1281 2253 passim
1304 2166 1362 2233 has

171 2276 290 2343 formas
323 2272 470 2346 scribae,
509 2275 542 2334 at
572 2288 634 2334 uon
663 2276 840 2355 potuerunt
868 2272 975 2337 omnio
1005 2273 1142 2358 vestigia
1176 2271 1282 2338 delere
1317 2273 1365 2337 sic

170 2388 207 2446 ut
230 2380 330 2445 litura
361 2398 424 2442 non
449 2383 629 2460 appareret.
676 2374 955 2461 Peropportunum
977 2378 1093 2442 vitium
1118 2377 1151 2441 in
1180 2378 1364 2443 Tuucrmms

171 2484 263 2552 codd.
289 2482 326 2547 V.
347 2486 400 2547 79.
422 2480 475 2546 τινὶ
499 2481 531 2545 δὲ
562 2478 662 2545 ἄλλοι
684 2481 791 2554 πόλιες
807 2482 861 2547 τινὶ
885 2484 916 2547 ἐν
939 2482 1162 2565 Πελοποννθσςο
1178 2487 1279 2548 κοινῖιν
1301 2481 1364 2548 etv·

169 2615 230 2656 τιον
254 2591 313 2655 το”ιν
332 2587 467 2652 σπονδῑιν
487 2585 539 2651 κοιὶ
564 2589 623 2650 τῖον
647 2583 839 2668 ξυμμοιχιῖον
863 2587 967 2672 ipsam
995 2587 1142 2652 historici
1168 2606 1300 2651 manum
1324 2585 1365 2651 ad

171 2715 231 2761 nos
264 2692 453 2779 propagavit
478 2692 631 2756 intactam
662 2690 895 2769 κοινοινεθντον,
931 2690 1036 2758 intlice
1061 2691 1289 2756 Vicerenmnm
1324 2689 1366 2755 etl

170 2799 290 2866 ΡΙιοοιι.
316 2816 362 2862 vs.
388 2799 472 2872 196,
494 2795 549 2882 qui
578 2794 667 2860 locus
689 2794 832 2861 nondum
853 2805 1043 2883 persanatus
1065 2803 1114 2863 est
1138 2803 1265 2872 tamen,
1289 2814 1364 2861 nom

170 2910 232 2981 τοῖς
256 2901 447 2983 ξομμιιχέιος
469 2900 698 2987 reponendum.
747 2901 796 2968 Ex
825 2902 876 2968 his
901 2904 1001 2989 igitur
1025 2901 1117 2969 iacile
1141 2909 1190 2967 est
1215 2901 1365 2987 colligere

173 3013 337 3078 Accurrit:
369 3006 540 3073 κοινοινικοέν
564 3025 634 3073 esse
657 3006 877 3074 reddendum:
900 3009 971 3077 ποσὶ
997 3011 1047 3077 δύο
1068 3009 1174 3091 οὶρχοὶς
1189 3045 1231 3058 -
1248 3007 1308 3073 πιέν
1326 3032 1362 3073 τε

173 3114 347 3184 κοινοινικθιν
363 3114 414 3178 nni
432 3113 490 3178 τθιν
512 3112 716 3192 εἰθημονικοέν.
765 3112 938 3199 Sequitur:
961 3116 1013 3181 uni
1035 3115 1097 3197 γθιρ
1122 3115 1155 3180 ci
1175 3114 1262 3179 κοντοὶ
1279 3113 1366 3187 ποίοις

171 3223 363 3301 οὶιπιιιήψιοος
383 3218 512 3284 δοκέοντι
531 3219 710 3296 οθντιθλθβεν
733 3217 884 3294 dotrinae
910 3229 957 3305 τᾷ
976 3223 1139 3305 dyene,
1159 3227 1207 3304 τᾷ
1231 3221 1288 3297 μὲν
1301 3217 1365 3300 γθιρ

172 3332 355 3410 πολισικᾷ
378 3323 648 3406 οὶφέλκονσοιιτὸις
662 3325 865 3405 tenplum&
878 3326 914 3390 δὲ
931 3328 1143 3409 θειορητικρῖ
1161 3326 1224 3390 cini
1237 3329 1297 3399 τοῖς
1311 3347 1368 3389 πο·

172 3432 294 3506 λισείοις
315 3428 496 3511 μετοθμοισοι
520 3431 551 3503 ἐς
576 3428 733 3508 οὶσοχθιιν·
757 3427 891 3495 ἄλλων
911 3431 955 3495 σοὶ
979 3431 1118 3511 πέρκτοι,
1148 3429 1186 3496 ὧν
1210 3428 1367 3510 οἱψοιμένοι

170 3538 192 3604 οἱ
214 3537 311 3621 Φύσις
332 3533 495 3610 ἀπέδειξεν
518 3535 547 3598 ἕν
571 3535 676 3614 τιοιιτῷ
697 3533 858 3611 οέλωμένοι.
884 3534 1014 3600 Scribe:
1036 3535 1088 3598 nni
1102 3535 1165 3616 γὰρ
1185 3536 1217 3599 ci
1230 3534 1366 3598 -θοκθ

170 3667 233 3710 ονσι
255 3641 434 3720 ιὶντιθλέβεν
458 3637 611 3711 οέιολοέλκς
632 3637 697 3702 nai
720 3637 907 3717 ἄμωμοι),
925 3638 987 3704 τινὶ
1009 3640 1143 3721 μὲνγὰρ
1159 3638 1365 3704 πολιτικοὶ

171 3748 370 3833 ιὶφέλκονσοιι
392 3750 452 3819 σιῖς
475 3743 617 3826 θεοιρθιις,
632 3742 696 3808 τοοὶ
722 3744 759 3809 δὲ
779 3744 1002 3828 θεωρητικοὶ
1016 3782 1060 3793 -
1071 3746 1102 3819 ἐς
1115 3745 1265 3826 dcccclxv,
1277 3745 1368 3811 ἀλλ’

172 3852 210 3920 ὦν
233 3853 277 3920 τοὶ
302 3852 424 3932 πέροιτκ
447 3848 658 3931 σονιιψοιμένοι
682 3850 704 3914 οὶ
725 3849 820 3934 Φύσις
846 3893 890 3905 -
909 3851 1068 3932 οἱλοιμ-ένοι.
1118 3851 1207 3918 Ultro
1234 3859 1367 3936 apparet

172 3959 205 4024 in
236 3979 324 4044 seqq.
360 3960 392 4023 οὐ
426 3955 488 4036 γθιρ
513 3954 698 4029 ἀντιποιθέες
728 3958 790 4023 ἐντὶ
815 3966 858 4043 uqi
889 3960 986 4043 οὶρετρῖ
1013 3955 1183 4043 legendum
1210 3977 1280 4023 esse
1310 3959 1364 4029 nai

171 4064 292 4146 θρετοιθ.
324 4061 409 4147 quod
433 4061 586 4127 continuo
612 4061 775 4147 sequitur:
800 4065 833 4129 οιθ
857 4065 888 4129 δέ
909 4064 951 4130 κοθ
975 4089 1023 4139 τις
1044 4066 1079 4129 ἐκ
1109 4064 1197 4128 νέων
1222 4064 1364 4143 ὁρμισθεὶς

172 4170 267 4243 αὐτὸς
288 4166 461 4249 οὶρμθζητοιι
487 4168 529 4241 εἷς
547 4166 607 4239 τοὶς
620 4167 725 4248 οὶρχθις
744 4169 817 4234 cclv
838 4170 979 4252 οὶρετοὶν
992 4209 1036 4218 -
1049 4170 1146 4251 εθροον
1158 4170 1227 4249 βίον
1244 4166 1368 4245 διεξιέ-

173 4298 232 4352 νει
267 4292 383 4338 sanum
405 4273 468 4338 erit
491 4273 518 4336 si
544 4271 660 4356 legeris
683 4274 718 4337 ἐκ
747 4274 824 4350 νέω,
854 4280 913 4340 τῖον
940 4277 1055 4356 οὶρετοῖν
1078 4281 1110 4339 et
1133 4272 1242 4350 διοιξεῑ.
1290 4273 1367 4358 Peg.

177 4379 371 4456 741,14οιὶ
392 4379 423 4443 δέ
442 4380 518 4456 μήτ’
536 4378 629 4451 οιιίτθς
655 4378 748 4444 νέοιτο
770 4380 948 4462 ποτίφορον,
971 4381 1098 4464 corrige
1121 4380 1192 4445 νοέοι
1216 4379 1260 4445 nit
1281 4380 1367 4446 ποσθ-

174 4489 267 4567 Φοροο.
317 4482 392 4568 Peg.
415 4487 555 4559 745,14
584 4483 601 4558 ἢ
627 4482 740 4562 ἕμὲσης
763 4486 798 4562 δέη
826 4485 858 4549 δὲ
882 4484 933 4548 κιο)
965 4485 1125 4570 οέΦύσις,
1149 4485 1227 4551 laici
1252 4485 1283 4549 in
1309 4483 1370 4550 hoc

178 4596 321 4656 monstro
340 4588 518 4666 ἐνεμεσήθη.
548 4587 686 4675 denique
709 4611 738 4676 p.
762 4595 849 4667 745,
873 4593 913 4654 16
942 4591 1018 4655 ἀλλ’
1043 4595 1132 4670 ἡμεῖς
1156 4616 1196 4671 γε
1220 4590 1368 4669 λέγοντες

179 4702 268 4775 σῶμοι
291 4694 349 4774 μὲν
378 4689 465 4773 εἶμεν
493 4696 606 4775 ψυχῖις
629 4693 777 4776 θργοινον,
808 4694 870 4761 νθον
900 4695 931 4759 δὲ
955 4696 1100 4775 οὶγεμθνοι
1133 4697 1198 4761 κτέ.
1245 4693 1371 4779 Perspi-

180 4819 275 4872 cuum
311 4806 360 4867 est
390 4799 527 4880 λέγομες
564 4800 741 4886 genuinum
778 4821 869 4877 esse,
907 4799 1021 4869 deinde
1057 4802 1137 4882 οἱμθς
1176 4819 1238 4865 non
1269 4801 1369 4877 ἡμεῖς.

1194 4911 1207 4947 2
