3309 5750
759 756 779 815 9

351 930 377 994 εί
395 926 466 994 δείν’
488 926 621 1009 ε’δρασας
642 927 726 994 δεινοὶ
750 927 802 991 καί
828 926 939 990 παθεῖν
963 949 998 990 σε
1021 925 1083 991 δεῖ·

353 1034 437 1109 δίκιις
457 1033 534 1117 γαρ
555 1032 722 1116 ἐξέλαμψε
746 1036 812 1098 νῦν
840 1028 944 1096 ύσιον
967 1029 1060 1114 Φύος.

170 1138 270 1205 Recte
292 1138 478 1207 Gmsrounus
502 1159 605 1228 nuper
617 1138 766 1207 codicum
783 1136 981 1222 scripturam
1002 1133 1178 1224 revocavit,
1191 1153 1288 1222 quam
1312 1134 1360 1200 in·

171 1244 386 1332 terpolaverat
405 1245 558 1311 Gnosius:

399 1351 489 1424 δίκας
521 1351 547 1415 δ’
566 1349 732 1431 ἐξέλαμψε
760 1346 838 1414 θσιοκ
855 1345 937 1431 Φοίος

172 1454 236 1519 nisi
260 1453 345 1540 quod
367 1454 551 1536 ἐξέλαμψεν
575 1455 673 1522 dedit.
720 1455 848 1540 Repone
870 1470 999 1518 mecum
1016 1449 1097 1517 duos
1119 1449 1304 1518 dochmios:

452 1559 540 1635 δίκας
575 1560 602 1626 δ’
629 1559 791 1640 ἐξέλαμψε
814 1560 890 1624 θεῖον
912 1555 1006 1640 Φοίος.

174 1669 208 1728 et
239 1660 355 1730 dirime
382 1662 451 1744 ⁴duo
481 1662 682 1751 fragmenta,
706 1685 787 1752 quae
809 1662 894 1729 male
923 1662 1131 1739 coaluerunt,
1153 1667 1190 1726 ut
1212 1678 1307 1746 saepe
1328 1659 1362 1725 in

176 1774 314 1852 utroque
334 1766 461 1835 Sromm
489 1789 583 1857 opere
604 1771 802 1837 factumest.
852 1768 913 1850 Qui
935 1766 1018 1850 Φύος
1044 1763 1123 1833 θσιον
1146 1764 1224 1852 quid
1248 1766 1290 1831 sit
1310 1783 1363 1830 ne·

173 1879 252 1956 gant
276 1892 310 1938 se
334 1873 442 1940 videre
466 1896 528 1940 non
550 1875 652 1943 multo
665 1874 791 1941 lucilius
811 1874 1067 1961 reperiuntquae
1091 1873 1134 1937 sit
1145 1872 1216 1937 θοίοι
1235 1868 1362 1949 οὶνύνιικ

165 1976 207 2041 in
234 1984 346 2063 poetae
377 1978 466 2055 loco,
501 2001 597 2067 quem
628 1982 769 2047 servavit
801 1978 954 2046 Sromnus
983 1979 1016 2043 in
1048 1976 1121 2046 not.
1145 1975 1245 2064 Ρθιρο.
1265 1975 1303 2042 V.
1329 1978 1360 2041 2.

174 2100 206 2168 p.
234 2087 307 2149 154.

358 2191 475 2257 Ὁσία
505 2193 531 2257 δ’
552 2192 679 2273 οὶνοίρκκ
700 2188 944 2272 πολεμικαπύτη
967 2188 1016 2255 θεθ
1035 2241 1042 2256 .

172 2292 293 2358 satisne
316 2296 525 2381 perspicuum
548 2307 597 2365 est
620 2300 707 2365 θεία
739 2298 765 2364 δ’
787 2295 913 2376 ύνύνκν
937 2315 955 2361 a
974 2301 1068 2381 poeta
1088 2292 1182 2360 esse?
1208 2292 1244 2358 ln
1267 2291 1365 2356 Turo-

172 2417 262 2463 cnmn
283 2406 392 2465 autem
416 2420 463 2465 vs.
484 2407 559 2469 151.

361 2506 443 2571 οὐδὲν
464 2508 495 2571 ἐν
516 2508 692 2590 οίνθρύποισι
717 2508 834 2591 πατρὸς
858 2507 910 2571 καί
929 2505 1044 2587 μκπρθς
1064 2503 1189 2583 ἄμεινον

423 2610 529 2678 ἔπλεθ’
552 2609 630 2686 θσοις
654 2613 717 2689 θσίκ
730 2663 740 2692 ,
763 2613 859 2695 Κύρνε
869 2621 883 2688 ,’
900 2610 1026 2689 μέμηλε
1050 2607 1128 2682 δίκη.

165 2733 252 2801 ,cave
273 2721 388 2800 tangas
419 2716 502 2792 θσίκν
534 2716 639 2794 δίκην,
673 2738 754 2804 quae
784 2715 941 2791 ὁσιότητος
975 2712 1042 2777 sive
1063 2709 1227 2790 εὐσεβείας
1262 2712 1366 2779 vicem

171 2819 245 2886 iure
268 2818 401 2886 obtinet.
448 2820 535 2887 Nihil
555 2823 589 2888 in
613 2822 674 2890 hoc
694 2822 763 2890 loco
781 2823 933 2889 vitiosum
951 2825 1000 2886 est
1023 2824 1150 2904 praeter
1168 2816 1366 2899 ἀνθρώποισι,

172 2924 262 3012 quod
287 2926 342 3012 qui
373 2946 484 2994 aurem
518 2928 637 2996 habent
660 2931 693 2994 in
713 2929 877 3012 ἀνθρώποις
900 2926 1070 3009 refingent.
1117 2923 1239 2989 Nomen
1260 2923 1366 3010 ipsum

173 3035 256 3114 θεός,
280 3034 364 3120 quod
394 3056 488 3103 nemo
519 3039 623 3105 nescit
650 3040 683 3103 in
705 3039 849 3125 antiquis
872 3038 963 3103 libris
986 3021 1041 3107 {sc
1074 3032 1174 3103 scribi
1201 3034 1302 3101 solere
1334 3043 1368 3102 et

174 3132 229 3227 tn,
254 3132 308 3225 in,
329 3131 383 3225 θν,
404 3167 599 3234 quamquam
620 3151 765 3214 omnium
790 3151 958 3216 nominum
982 3159 1031 3217 est
1054 3151 1283 3221 notissimum,
1320 3151 1366 3210 ta·

171 3273 251 3331 men
272 3273 365 3340 saepe
388 3253 510 3319 scribas
524 3252 635 3320 ieiellit
655 3256 839 3321 oscitantes.
888 3256 987 3337 Quale
1009 3256 1069 3322 hoc
1089 3264 1138 3321 est
1159 3252 1245 3341 apud
1268 3251 1368 3317 Xrno·

173 3359 314 3425 rnonrrn
342 3360 374 3423 in
413 3359 608 3424 Oeconomico
632 3360 669 3426 V.
694 3359 785 3448 §m
811 3360 907 3426 ἔτιδὲ
931 3364 948 3436 ἡ
973 3370 1017 3439 νῆ
1042 3362 1206 3427 θέλουσα
1229 3358 1300 3429 τοὺς
1318 3356 1368 3420 δυ·

172 3463 322 3543 καμένους
346 3463 599 3542 κασαμανθύνειι
615 3466 667 3529 καί
695 3464 886 3541 δικαιοσύνην
910 3463 1066 3530 διδοίσκει·
1091 3468 1162 3538 ποὺς
1187 3465 1250 3546 γὰρ
1274 3459 1369 3543 ύριςα

173 3569 402 3653 θεραπεύοντας
437 3568 534 3644 αύσίρν
561 3575 679 3638 πλεῖς-α
709 3569 819 3647 dycta
847 3571 1022 3643 ανσιποιεῖ,
1055 3564 1275 3634 venustissimi
1308 3568 1370 3635 loci

174 3675 273 3762 periit
296 3673 403 3761 lepos,
428 3694 468 3739 ne
490 3693 604 3739 sensus
626 3664 756 3760 quidem
775 3674 838 3739 nisi
866 3672 1080 3761 perobscurus
1103 3669 1235 3759 quidam
1260 3692 1298 3739 ex
1324 3682 1369 3740 to·

173 3780 243 3846 tius
263 3781 440 3846 sententiae
464 3778 716 3846 conformatione
740 3781 879 3847 elicitur.
933 3779 1063 3845 Codices
1086 3799 1144 3866 pro
1164 3777 1294 3845 θέλουσα
1318 3801 1371 3848 sa·

175 3889 219 3953 tis
251 3897 437 3957 constanter
456 3891 564 3957 θέουσα
584 3891 753 3970 exhibent,
778 3891 875 3978 idque
895 3900 1027 3980 apparet
1049 3912 1087 3958 ex
1117 3873 1283 3963 (ἶῦΟΤΟΑ
1307 3900 1370 3958 sto-

174 3991 239 4060 lide
252 3993 416 4061 effictum:
443 4001 460 4074 ἡ
485 4005 528 4075 ρῆ
545 3997 626 4072 θεὸς
644 3993 736 4063 ούσα
754 4038 797 4050 -
815 3999 886 4074 τοὺς
900 3998 1124 4080 θεραπεύοντας
1144 3999 1241 4075 αύσίρν
1263 4001 1370 4070 πλεΐς’

175 4100 287 4177 ancta
312 4102 485 4178 αντιποιεῖ,
514 4101 573 4168 hoc
600 4110 773 4169 venustum
798 4110 829 4168 et
861 4103 1114 4189 Xenophontcnm
1134 4112 1200 4181 est,
1229 4102 1289 4169 hoo
1321 4123 1370 4168 sa·

177 4224 256 4269 num
286 4213 334 4270 est
366 4206 503 4294 denique
530 4215 561 4272 et
597 4227 719 4272 verum.
768 4208 864 4273 Peius
895 4210 992 4275 etiam
1016 4208 1178 4275 mulcatus
1202 4217 1250 4275 est
1281 4208 1371 4275 locus

177 4308 295 4375 incerti
319 4309 499 4398 philosophi
524 4311 608 4398 apud
630 4311 717 4379 Scor.
744 4312 813 4378 Ecl.
841 4313 940 4401 Phys.
955 4315 995 4382 ll.
1020 4332 1088 4401 cap.
1115 4314 1139 4378 l.
1168 4319 1221 4383 17.
1245 4312 1371 4396 πθπερον

177 4409 227 4480 ούν
250 4416 263 4480 ύ
285 4414 438 4498 θίυθρςοπος
462 4417 556 4491 αύπθς
582 4420 637 4502 ὑφ’
661 4421 771 4484 ἑαυτοῦ
793 4419 980 4495 πεποιῆσθαί
1002 4443 1047 4484 σοι
1068 4419 1151 4484 δοκεῖ
1174 4418 1191 4494 ἢ
1215 4419 1288 4502 πρὸς
1312 4443 1372 4486 κοι·

177 4522 285 4586 νυνίαν
298 4543 306 4596 ;
330 4522 468 4590 mirilico
489 4541 564 4589 sane
589 4525 734 4610 quaestio
753 4527 905 4612 ponitur;
936 4533 972 4591 tu
994 4522 1083 4609 lege:
1108 4521 1202 4596 αὐτὸς
1225 4524 1279 4608 ἐφ’
1302 4508 1373 4589 Ιἑαυ·

135 4626 256 4707 jeci,
290 4635 377 4694 recte
415 4628 644 4713 respondetur:
679 4629 752 4711 πρὸς
784 4631 949 4696 κοινωνίαν.
997 4629 1076 4695 ‘Turb
1099 4628 1199 4704 πίνος;
1235 4629 1293 4694 ὑπὸ
1317 4636 1373 4703 σῆς

141 4777 145 4782 -
178 4729 315 4811 Φύσεως.
339 4733 429 4811 Τίνος
449 4734 540 4810 ούσκς
565 4738 617 4803 καί
638 4742 725 4812 πῶςς
752 4737 920 4812 διακούσας
942 4736 985 4802 πίι
1009 4733 1078 4802 θ’λα.
1126 4735 1186 4800 Καὶ
1211 4732 1372 4816 πθπερον
