3309 5750
745 715 790 777 29-

189 887 305 957 Orator
330 893 415 955 καλῶ
450 894 600 974 posucrat
624 907 682 973 pre
713 887 845 964 nocebo,
874 888 906 951 in
931 887 1069 955 secunda
1093 894 1182 976 parte
1217 887 1278 952 loci
1313 905 1377 956 noo

188 1003 359 1061 senserunt
383 993 467 1059 idem
490 994 573 1058 diei:
599 994 709 1078 itaque
733 995 780 1057 sie
802 991 897 1078 vulgo
921 991 1038 1077 legitur
1061 991 1084 1080 g
1105 997 1171 1069 ot,
1196 997 1303 1060 οὐκοῦν
1322 992 1374 1059 καὶ

187 1101 282 1167 αάτδν
305 1102 379 1179 ὑμῖν
413 1098 567 1166 καλέσω
592 1098 644 1164 τδν
666 1098 897 1181 Ἡγήσανδρον,
930 1097 1083 1178 γέγραφα
1101 1098 1127 1161 δ’
1150 1100 1233 1179 αὐτῷ
1257 1122 1374 1180 μαρτυ·

186 1206 255 1286 ρίαν
285 1205 492 1287 κοσμιωτέραν
520 1204 577 1281 μὲν
601 1204 620 1279 ή
644 1207 716 1269 κατ’
740 1205 873 1279 ἐκεῖνον,
901 1204 998 1284 μικρῷ
1032 1202 1064 1267 δὲ
1093 1201 1269 1285 σαφεςέραν
1291 1203 1308 1280 ή
1330 1204 1374 1284 τῷ

186 1312 350 1395 Μισγόλα.
387 1315 442 1375 οὐκ
463 1312 565 1386 opino
592 1308 617 1372 δ’
646 1305 691 1374 ὅτι
723 1310 894 1387 άτομεῑται
918 1307 971 1373 καὶ
993 1309 1174 1389 ἐπιορκήσει.
1199 1307 1248 1372 διά
1271 1309 1304 1374 τί
1326 1304 1376 1376 οὖν

183 1416 279 1481 αὐτὸν
302 1422 407 1482 καλῶ
433 1414 483 1480 ἐπὶ
509 1415 564 1487 τήν
587 1414 774 1495 μαρτυρίαν;
797 1410 832 1477 ἵν’
857 1415 928 1492 ὑμῖν
951 1412 1092 1490 ε’τιδεάξω
1114 1416 1179 1480 κτὲ.
1227 1412 1288 1493 Qui
1314 1431 1376 1482 non

185 1522 286 1585 sentit
318 1526 406 1585 κακῶ
436 1517 582 1582 loturum
605 1537 693 1593 esse,
720 1516 798 1582 nihil
831 1537 984 1604 umquam
1017 1517 1056 1586 de
1084 1537 1203 1605 genere
1226 1515 1285 1582 boe
1306 1536 1377 1583 sen·

188 1624 270 1701 tiet,
294 1630 327 1687 at
351 1624 493 1688 librariis
522 1630 554 1687 et
577 1622 682 1688 sciolis
706 1621 784 1690 nihil
803 1621 964 1700 suboluit,
988 1624 1096 1709 itaque
1115 1624 1207 1712 prins
1229 1629 1314 1690 κακῶ
1335 1619 1376 1688 ad

189 1746 283 1794 suam
313 1715 578 1794 consuetudinem
611 1736 815 1806 revocarunt,
847 1728 985 1796 alterum
1014 1728 1215 1816 reliquerunt
1245 1726 1376 1794 inviola-

188 1838 270 1900 tum.
319 1831 354 1898 Si
375 1831 453 1898 lraee
474 1833 556 1897 ratio
584 1832 741 1900 constabit
771 1841 917 1921 potestne
952 1836 1088 1902 certiore
1119 1832 1238 1900 iudicio
1261 1831 1376 1900 conlir·

184 1937 268 2003 noari
292 1936 325 2003 id
351 1936 433 2024 qued
455 1944 568 2023 suapte
590 1945 710 2005 natura
732 1940 812 2006 satis
837 1949 906 2007 erat
929 1948 1077 2019 eertum,
1101 1961 1195 2004 unum
1219 1958 1291 2005 esse
1315 1933 1376 2002 lor·

182 2062 270 2108 roam
295 2043 328 2107 in
355 2062 431 2120 usn,
455 2062 517 2108 non
538 2043 636 2122 duos,
658 2044 777 2131 quibus
809 2065 869 2112 suo
892 2045 1051 2112 arbitratu
1076 2045 1171 2112 Attici
1192 2042 1375 2131 promiscue

183 2154 364 2214 uterentur.
412 2149 601 2227 Praeterea,
635 2150 759 2237 siquis
790 2149 847 2216 lros
878 2149 963 2218 locos
985 2150 1173 2237 diligentius
1205 2147 1376 2235 inspiciet,

180 2252 216 2318 in
238 2252 352 2323 multis
373 2253 589 2339 corruptelam
614 2255 744 2321 subesse
765 2257 862 2322 etiam
890 2255 962 2323 aliis
986 2256 1115 2324 indiciis
1137 2251 1375 2344 deprehendet,

182 2356 283 2424 ueluti
300 2358 333 2422 in
356 2357 473 2424 lusus.
492 2359 636 2425 oratione
657 2360 771 2427 XVlll.
797 2359 905 2449 Sti,
928 2367 982 2430 οὐκ
1009 2362 1093 2444 ἔχω,
1116 2357 1138 2428 ὦ
1162 2358 1267 2443 άνδρερ
1290 2359 1375 2423 δικα·

182 2463 257 2541 ταί,
288 2459 431 2534 οὕστινας
465 2462 662 2541 δεησομένους
688 2467 763 2548 ὑπὲρ
787 2471 871 2545 ἡμῶν
892 2466 1158 2548 άναβιβάσομαι,
1182 2463 1237 2534 ubi
1259 2463 1375 2542 άναβι·

181 2568 361 2650 βάσωμαι,
386 2576 422 2634 ut
443 2569 577 2653 opinor,
601 2576 650 2634 est
666 2572 894 2638 necessarium.

230 2675 342 2760 ltaque
372 2673 404 2738 in
445 2672 584 2738 llonmnn
612 2681 645 2739 et
677 2674 858 2753 Atticistis,
890 2675 916 2741 si
950 2676 1024 2762 quis
1049 2695 1161 2742 eorum
1197 2672 1376 2762 praeceptis

184 2782 233 2846 sie
268 2780 315 2843 nti
338 2778 443 2853 volet,
467 2778 634 2863 egregium
672 2788 819 2865 paratum
843 2781 905 2846 erit
936 2780 1048 2848 Atticis
1070 2778 1288 2866 praesidium,
1312 2797 1375 2846 nen

183 2905 249 2972 quo
269 2885 384 2951 melius
413 2884 654 2970 intelligantur,
678 2885 734 2951 sed
761 2906 825 2972 qtro
848 2885 999 2953 eluantur
1026 2885 1137 2954 sordes
1159 2885 1297 2953 nitorem
1320 2882 1376 2953 Aa·

184 2991 266 3057 tiene
296 2992 474 3057 venustatis
507 2991 724 3057 obscurantes.
770 2991 952 3060 Cavendum
977 3000 1086 3061 antem
1117 2992 1375 3079 diligentererit

184 3116 230 3163 ne
250 3102 372 3161 terrrerc
402 3095 478 3181 quid
510 3096 726 3163 Grammatico
758 3096 871 3164 credas
906 3118 985 3165 neve
1015 3119 1148 3167 caecum
1180 3098 1295 3166 ducem
1330 3104 1374 3185 te·

184 3221 276 3267 mere
306 3204 461 3287 sequaris.
510 3201 612 3283 Quam
644 3223 757 3289 saepe,
788 3223 886 3289 qnam
911 3205 1071 3291 turpiter,
1102 3224 1200 3291 quam
1224 3203 1374 3270 ioculari-

184 3314 235 3375 ter
263 3326 373 3373 errare
408 3307 549 3382 soleant,
574 3315 648 3371 nota
671 3328 723 3374 res
747 3316 806 3374 est.
853 3309 971 3375 llonms
1005 3329 1062 3393 pre
1094 3309 1205 3374 Atticis
1229 3306 1375 3375 venditat

184 3413 355 3479 Homerica
377 3420 409 3477 et
433 3411 561 3486 luorico,
585 3411 703 3496 quibus
726 3413 854 3496 Tragici
874 3412 932 3477 seli
958 3410 1218 3490 delectabantur,
1239 3423 1296 3480 ant
1319 3434 1375 3478 ro-

182 3517 299 3585 oabula
334 3519 441 3604 prisca
469 3526 501 3582 et
532 3536 626 3583 casea
653 3535 670 3582 e
695 3515 822 3583 Sonoms
851 3515 975 3601 legibus
1004 3514 1166 3581 sublecta:
1203 3514 1243 3582 ei.
1268 3534 1300 3584 v.
1319 3538 1374 3585 v.:

180 3627 241 3706 άήρ
264 3625 403 3703 βαάεῖοο,
427 3624 507 3704 ήρω,
532 3623 621 3704 ἱδρῶ,
651 3628 766 3699 κυκεῶ,
790 3620 915 3699 νέατον,
938 3619 1070 3702 ψεδνάς,
1096 3618 1237 3702 άάιιρμα,
1259 3620 1375 3711 δημού-

180 3753 296 3810 μενον,
314 3730 428 3812 διήρες,
453 3727 619 3808 βουλυτόν.
648 3728 779 3794 Solones
792 3737 868 3795 sunt
884 3728 916 3791 in
935 3748 966 3792 ι.
981 3748 1028 3794 κε
1053 3723 1276 3807 οεισάχήειαν,
1301 3725 1375 3793 durii·

176 3860 252 3910 -ειν,
289 3832 440 3911 iilaesos:
469 3842 526 3899 aut
556 3853 652 3899 usum
676 3842 708 3901 et
745 3835 973 3921 proprietatem
1009 3832 1179 3900 Atticorum
1210 3833 1375 3900 nonsatis

183 3939 301 4009 callere
322 3940 490 4024 arguitur,
516 3940 627 4005 miscet
646 3939 768 4017 aliena,
789 3940 914 4007 diversa
931 3937 1121 4017 confundit,
1146 3939 1307 4026 scripturn
1323 3959 1374 4006 ee·

182 4045 293 4113 dicum
329 4044 501 4130 depravata
535 4044 713 4130 decipitur,
755 4054 791 4112 ut
828 4047 861 4112 in
892 4045 1099 4127 άνηιιωμένοι,
1132 4046 1375 4126 άνωσχήσεται,

175 4154 328 4226 -άτεῖτω,
348 4150 491 4230 βλάβος,
515 4151 669 4216 διωκάθειν
684 4151 753 4239 (pro
764 4153 920 4218 διωκαήεῑν
934 4152 1070 4227 aoristo,
1093 4149 1133 4217 cl.
1149 4151 1320 4217 Ennsctrus
1333 4149 1374 4217 ad

185 4257 329 4325 Medeam
355 4256 454 4343 186),
489 4259 532 4331 εἰς
562 4257 666 4337 τρίτην
701 4257 839 4338 ήμὲραν,
869 4258 1044 4339 κρεμάθρα,
1076 4259 1204 4333 κνισάν,
1239 4258 1373 4339 ὤφειλε,

175 4372 249 4435 cet
270 4361 439 4447 ignorabat
462 4382 525 4448 quo
548 4370 636 4428 certo
660 4382 721 4429 usu
750 4361 907 4443 distarent
941 4362 1146 4445 γραψάμενος
1168 4368 1200 4427 et
1223 4360 1376 4442 γράψας,

172 4474 311 4553 ,spadana
335 4473 368 4533 et
392 4468 683 4550 φλαῦρον,..·δεσμοι’
712 4475 745 4533 et
776 4467 900 4547 δεσμά,
928 4470 1097 4549 τετραμάς
1118 4474 1150 4533 et
1181 4468 1375 4547 τετραχῶς,

185 4575 259 4647 alia.
285 4570 419 4640 Codices
434 4573 599 4660 depravati
622 4593 697 4641 eum
710 4572 905 4659 deceperunt
918 4572 949 4643 in
962 4574 1113 4654 άνακωχή
1134 4592 1192 4658 pro
1213 4572 1377 4651 άνοκωχή,

187 4680 403 4761 κατακάχιμα
431 4699 489 4767 pro
518 4681 746 4760 κατοκάχιμα,
780 4677 872 4743 alibi:
898 4676 937 4742 ab
968 4675 1020 4743 his
1044 4678 1144 4763 igitur
1172 4679 1199 4743 si
1233 4675 1378 4751 caveriS,

190 4796 227 4861 nt
246 4784 327 4853 nihil
345 4785 465 4853 erroris
477 4785 606 4854 subesse
630 4793 718 4857 certo
734 4785 819 4853 scias
856 4783 973 4851 blosius
997 4783 1029 4849 in
1050 4803 1123 4853 eum
1140 4780 1269 4847 modum
1292 4778 1380 4847 adhi-
