3309 5750
1407 730 1446 782 xl

267 894 407 970 laudem
429 917 470 967 ac
492 892 637 991 gloriam
657 911 796 967 summa
810 914 878 991 ope
898 892 1071 970 vindicare
1086 903 1122 970 et
1139 896 1228 973 tueri
1251 899 1441 977 enitimur?

268 1030 330 1096 aut
362 1021 504 1121 putabis
534 1022 617 1098 satis
640 1021 712 1096 iam
738 1045 813 1114 esse
841 1022 1027 1098 emendata
1044 1025 1168 1106 ,omnia
1199 1032 1252 1101 tot
1281 1026 1438 1126 ingenio·

264 1149 593 1246 sorumuoniaum
613 1156 687 1224 tam
712 1148 908 1236 sollertibus
933 1151 1044 1241 curis,
1071 1160 1112 1228 ut
1135 1154 1350 1252 supersederi
1376 1156 1437 1241 alif

265 1277 404 1377 quando
427 1277 492 1366 bac
514 1298 617 1373 opera
640 1276 748 1374 possit
773 1284 809 1350 et
831 1284 970 1375 tempus
994 1279 1065 1354 iam
1089 1281 1136 1354 sit
1161 1282 1231 1358 irai
1253 1282 1353 1368 bonis
1376 1309 1438 1382 per

264 1414 317 1481 tot
349 1423 459 1490 annos
485 1404 625 1500 paretis.
668 1403 768 1496 ,Quis
797 1404 887 1506 serio
895 1404 962 1490 bis
983 1408 1189 1506 respondere
1214 1409 1435 1516 dignabitur,

263 1533 326 1630 qui
345 1532 524 1629 optimum
545 1550 721 1630 quemque
746 1532 945 1629 scriptorem
968 1536 1142 1611 Graecum
1162 1536 1266 1636 longo
1288 1562 1356 1612 usu
1372 1562 1434 1614 ne

262 1659 350 1740 verit
379 1658 426 1734 ad
455 1658 548 1733 banc
578 1658 672 1734 diem
701 1658 792 1752 vitiis
821 1666 858 1733 et
888 1660 1061 1737 erroribus
1092 1688 1196 1740 ornae
1220 1688 1333 1763 genus
1347 1679 1434 1742 esse

263 1786 460 1886 oppletum,
478 1811 627 1885 quorum
641 1795 777 1885 partem
794 1787 952 1886 plerique
970 1796 1048 1863 tum
1063 1790 1207 1868 demum
1219 1800 1433 1890 agnoscunt,

260 1939 371 2013 quum
394 1914 499 1990 simul
523 1914 692 2013 deprensa
710 1913 805 1990 fraus
830 1921 884 1988 est
903 1922 1050 1992 atcerte
1069 1918 1266 2010 emendatio
1284 1928 1429 2018 reperta.

257 2042 382 2141 Aequo
402 2041 518 2117 animo
543 2040 583 2116 in
599 2042 798 2117 Erarrrars
822 2041 1023 2119 Phaeneas
1047 2046 1128 2122 175.
1157 2046 1287 2124 eruditi
1310 2072 1431 2128 omnes

258 2168 438 2268 legebant:
589 2219 592 2224 .
635 2251 638 2256 ,
867 2251 870 2258 ,
1255 2195 1258 2200 ’

378 2286 410 2372 ὦ
436 2298 697 2395 λιπαροζώνου
722 2298 892 2397 θύγατερ
916 2299 1067 2376 Ἁλίου
1089 2301 1314 2395 interere,
1420 2363 1423 2376 .

256 2449 370 2523 quum
395 2424 592 2521 nuperrime
620 2423 786 2499 Bsurrarr
813 2426 865 2519 (iu
889 2427 996 2524 praei
1024 2428 1070 2504 ud
1094 2429 1289 2508 Eumemrs
1305 2431 1428 2529 Iphip.

253 2556 293 2627 ia
328 2553 454 2626 lumea
479 2558 515 2625 ct
547 2550 629 2626 Hel.
656 2572 734 2649 pag.
761 2554 834 2644 17.)
869 2574 913 2628 ex
946 2567 1313 2630 aarorceaauara
1339 2557 1429 2632 crint

249 2690 655 2756 AATOTCCGAANAM
680 2685 717 2752 et
740 2704 856 2756 veram
880 2680 1086 2778 scripturam
1106 2682 1267 2768 restituit
1281 2684 1405 2764 hanes·

372 2797 405 2895 ci
429 2789 694 2908 λιταροζώνου
719 2809 890 2907 θύγατερ
911 2810 1074 2896 Λατοῦς·
1093 2810 1305 2889 Σελαναία.
1418 2864 1422 2891 ,

251 2938 521 3015 innumerabilis
535 2937 689 3013 locorum
710 2935 762 3010 vis
785 2943 958 3034 superest,
984 2935 1051 3028 ubi¹
1069 2937 1214 3036 antiquo
1226 2939 1425 3038 ¹scripturae

244 3066 336 3143 'vitio
358 3052 442 3142 suna
463 3088 562 3141 mens
586 3064 754 3165 impedita
774 3063 912 3153 haeret,
942 3065 1006 3162 qui
1030 3065 1068 3141 in
1092 3065 1269 3165 integrum
1288 3069 1427 3145 restitui

247 3194 433 3271 manifesta
464 3192 672 3272 correctione
703 3215 825 3267 omnes
853 3216 924 3275 nen
952 3199 1119 3290 possunt,
1154 3202 1193 3269 at
1221 3194 1313 3279 bena
1345 3216 1426 3296 pars

249 3331 384 3412 tamem
417 3323 479 3398 ubi
502 3321 608 3405 semel
629 3319 948 3418 lebesacnpturae,
962 3319 1065 3397 certis
1089 3321 1227 3397 indiciis
1247 3331 1424 3423 comperta

247 3451 333 3540 erit,
362 3450 571 3527 Criticcrum
592 3446 752 3523 acumine
773 3445 969 3533 sanabitm,
993 3445 1231 3545 damnumque
1246 3449 1422 3540 lectionis,

244 3587 433 3681 postquam
454 3577 549 3654 fraus
569 3573 787 3649 librariorum
807 3572 959 3672 patebit,
984 3571 1148 3649 continuo
1169 3577 1343 3661 sarciatur.
1372 3582 1421 3655 -Iu

232 3709 334 3799 „hanc
368 3732 434 3806 ego
469 3703 603 3804 ingenii
625 3708 661 3777 et
682 3701 803 3776 iudicii
827 3701 1034 3800 palaestram
1058 3701 1201 3777 iuvenes
1223 3703 1420 3804 ingeniosos

242 3843 282 3911 et
297 3835 425 3911 indolis
443 3831 668 3933 generosioris
686 3855 805 3905 vocare
825 3852 896 3915 non
919 3828 1091 3919 desinam,
1112 3840 1148 3908 et
1168 3833 1260 3911 dubo
1278 3861 1418 3936 operam

244 3971 286 4039 ut
310 3987 431 4038 omnes
452 3961 649 4060 intelligunt
670 3958 922 4057 interpretandi
942 3959 1142 4034 iuuentutem
1162 3967 1197 4034 et
1220 3988 1324 4047 usum
1341 3967 1416 4041 sine

242 4092 307 4167 bac
323 4090 533 4167 emendandi
548 4087 698 4175 sollertia
715 4086 866 4163 debilem
885 4094 921 4161 et
937 4111 1099 4192 maneum
1113 4113 1210 4177 ,essm
1231 4099 1267 4165 et
1283 4094 1414 4189 passim

240 4245 355 4320 nugas
384 4244 485 4318 agere
518 4219 766 4315 Interpretem,
799 4214 868 4293 nisi
887 4215 1205 4317 interpretationem
1230 4222 1414 4297 emendata

238 4348 340 4423 lectio
362 4345 554 4445 praecedat.
594 4343 764 4419 Nondum
786 4343 941 4442 poenitet
966 4369 1104 4442 operaer
1128 4345 1241 4432 estin
1267 4351 1411 4450 popula.

238 4478 337 4554 ribus
359 4476 486 4552 nostris
509 4475 649 4574 egregia
671 4475 718 4551 ed
745 4473 910 4560 Critioam
932 4481 1042 4553 utem
1063 4474 1218 4562 indoles,
1283 4491 1285 4498 '
1313 4492 1317 4499 ·

406 4607 512 4713 oriam
534 4630 632 4699 σφιν
656 4598 955 4698 ἐξιτηλαααᾷια
980 4600 1186 4699 δαιμόνων,
1196 4647 1212 4695 ,-
1260 4647 1262 4672 ÷
1329 4684 1334 4693 ⁴

237 4734 433 4834 selpolius
456 4741 533 4812 τῶν
561 4731 975 4832 ecrporaeaclvclpuc,
1006 4733 1075 4830 qui:
1094 4734 1329 4818 oliminhae
1344 4759 1411 4832 ge·

235 4863 538 4957 ncresstudioru'm
563 4863 795 4964 principatum
816 4869 1021 4950 lebbeumt‘r
1050 4860 1141 4945 inest
1153 4861 1341 4945 'mmmm
1359 4863 1410 4943 in·
