3309 5750
731 624 795 688 291

172 819 243 885 σίαν
278 827 335 896 τῆς
363 825 562 893 Λακωνικῆς,
588 812 676 907 quod
698 817 769 885 siro
791 817 967 884 Pourausc
988 830 1075 885 recte
1091 818 1292 901 addebatur,
1313 835 1346 889 et

170 937 245 990 uota
273 923 439 990 Sellasiam
467 922 508 988 ad
538 923 672 990 flurium
704 923 888 1014 (Οίνοῦνσα)
914 924 1008 990 sitam
1030 924 1176 992 ducentis
1197 928 1238 994 ab
1257 929 1347 997 Urbe

170 1029 279 1096 stadiis
303 1030 429 1098 distare.

220 1136 313 1228 Apud
350 1135 595 1213 Tuucrurnsrc,
636 1145 673 1199 ut
706 1133 863 1215 diximus,
896 1159 1012 1226 magna
1040 1149 1088 1222 est
1116 1138 1349 1207 emblematum

173 1242 371 1334 frequentia,
386 1240 426 1305 de
446 1263 511 1331 quo
524 1244 667 1306 'numero
681 1262 768 1307 nunc
786 1240 852 1306 dao
871 1241 1034 1309 delibabo.
1055 1243 1154 1309 Libro
1168 1244 1261 1312 llll.
1274 1254 1349 1336 cap.

172 1354 225 1417 37.
260 1349 384 1415 editur:
422 1347 569 1424 ξυνίηιοαι
604 1347 860 1434 Λακεδαιμονίαν
892 1347 946 1413 καί
977 1354 1037 1413 σῶν
1067 1349 1249 1431 ξυμιοιίχαν
1275 1352 1349 1431 πρὸς

170 1455 314 1535 βασιλέα
338 1460 468 1532 Δαρεῖον
495 1451 548 1517 καί
579 1453 650 1526 ποὺς
675 1454 794 1525 παῖδας
822 1459 878 1518 ποῦ
903 1454 988 1543 (lege
1008 1455 1095 1541 ποὺς)
1115 1456 1275 1533 βασιλέως
1294 1455 1349 1521 καί

171 1558 394 1642 Τισσαφέρνην
429 1556 564 1629 σπονδὰς
602 1552 680 1623 εἶναι
713 1558 767 1623 οιαὶ
799 1558 913 1641 φιλίαν
944 1560 1032 1625 αασοδ
1065 1559 1161 1625 πιίδοε
1184 1561 1242 1649 qui
1262 1560 1349 1627 hunc

154 1704 155 1707 =
174 1664 283 1729 locum
301 1663 387 1730 solet
406 1662 585 1752 intelligere
600 1663 801 1737 Ξυνίνῖιιαιίιι
816 1666 959 1755 margine
974 1664 1147 1731 adscribito
1166 1668 1215 1752 (ut
1232 1667 1351 1757 passim

173 1772 207 1835 in
243 1770 453 1836 Tuucrmms
485 1766 652 1834 codicibus
682 1769 875 1851 δημηγορία,
908 1773 1059 1847 terent,
1090 1783 1123 1837 et
1152 1772 1284 1851 similia,
1315 1772 1350 1839 iu

173 1876 317 1964 margine
347 1873 487 1939 adscribi
515 1871 638 1951 solent,
669 1873 695 1938 si
727 1893 791 1963 qua
818 1876 932 1941 concio
959 1888 1014 1943 aut
1039 1876 1178 1967 epistola
1200 1876 1351 1944 historiae

170 1978 332 2064 inseritur)
358 1978 608 2044 et·Tuthru1u1
627 1978 803 2069 relinquito
824 1983 1081 2061 Λακεδαιμονίων
1104 1982 1157 2048 καί
1182 1989 1242 2048 πῖον
1267 1984 1352 2063 ξυμ·

169 2084 286 2165 μάχαν
312 2086 378 2150 stri.
426 2080 573 2152 Alterum
602 2096 651 2151 est
676 2084 729 2151 l'l.
758 2088 812 2152 30.
835 2088 866 2151 ἕν
891 2087 934 2167 τῷ
960 2087 1089 2169 παρίνσι
1118 2089 1271 2169 ααιρῷοίς
1292 2089 1349 2163 ἤδη

170 2189 304 2270 ἔμελλον
329 2191 416 2268 pert
440 2192 582 2255 αινδιίνοιν
606 2191 767 2265 ἀλλήλους
790 2192 961 2256 ἀπολιπεῖν
981 2199 1107 2270 μᾶλλον
1129 2193 1244 2264 αὐτοὺς
1264 2183 1348 2274 tola

171 2295 216 2358 πίι
241 2295 326 2358 δεινίι
348 2296 367 2371 ἢ
393 2294 444 2361 dre
470 2296 659 2377 ἐψηφίζοντο
684 2303 795 2373 πλεῖν,
819 2295 923 2361 aliena
941 2317 1057 2361 manus
1080 2294 1268 2384 adpiruitel
1296 2291 1348 2366 ire

172 2397 362 2480 ἐψηφίζοντο
384 2407 498 2473 ποιεῖν,
524 2409 560 2463 ut
578 2401 703 2476 μᾶλλον
726 2398 946 2488 explicaretur.
994 2399 1068 2465 Non
1089 2411 1214 2465 tantum
1233 2399 1349 2489 insipi-

171 2502 251 2567 dum
271 2514 304 2567 et
323 2502 490 2569 inficetum
508 2501 571 2568 hoc
591 2500 846 2570 additamentum
865 2517 928 2583 est,
945 2504 1110 2571 sedetiam
1126 2528 1233 2570 rerum
1250 2504 1350 2571 fidem

171 2620 205 2675 ct
237 2609 428 2675 sententiam
460 2610 621 2700 scriptoris
651 2610 771 2690 molat,
795 2633 935 2701 namque
957 2612 984 2677 si
1008 2611 1189 2677 istiusmodi
1209 2610 1286 2702 quid
1308 2609 1350 2675 ad

168 2717 297 2793 μᾶλλον
314 2716 464 2782 adiicitur
480 2728 617 2806 utroque
637 2727 780 2807 tempore
798 2717 931 2782 solliciti
947 2717 1044 2783 luisse
1064 2718 1300 2807 intelligentur,
1316 2727 1349 2782 et

170 2832 280 2886 auctas
308 2834 434 2890 tanturn
463 2823 559 2890 luisse
584 2844 694 2902 curas,
718 2822 836 2913 quibus
855 2823 919 2890 iam
941 2835 1009 2890 tum
1035 2836 1229 2913 angerentur
1248 2842 1350 2914 quum

175 2938 299 2992 tantam
328 2920 400 2995 rem⁴
426 2931 633 3021 susciperent.
675 2926 793 2994 Contra
829 2934 955 3009 μᾶλλον
986 2929 1128 3020 elliptice
1156 2929 1298 3020 positum
1315 2928 1349 2995 id

175 3033 352 3122 significat,
384 3057 486 3126 quum
518 3035 753 3127 expeditionem
774 3037 922 3102 iuberent
940 3037 1007 3102 sine
1027 3059 1102 3102 cura
1123 3037 1239 3114 faisse,
1261 3057 1353 3100 nunc

173 3161 272 3229 quum
293 3163 342 3205 res
359 3142 410 3228 agi
429 3153 545 3230 coepta
561 3153 657 3218 esset,
674 3142 814 3232 aliquam
831 3142 1081 3208 sollicitudinem
1094 3143 1199 3208 subire
1210 3142 1352 3221 animos,

169 3265 236 3309 non
260 3268 411 3334 magnam
449 3246 540 3311 illam
566 3246 697 3336 quidem
726 3247 782 3312 sed
817 3247 959 3336 aliquam
991 3258 1116 3324 tamen,
1149 3248 1269 3314 sicum
1291 3246 1350 3311 illa

169 3348 270 3414 reteri
289 3350 484 3416 confidentia
505 3350 722 3428 conferretur,
741 3372 805 3441 qua
824 3353 947 3417 bellum
967 3351 1001 3416 in
1019 3352 1156 3417 comitiis
1174 3353 1347 3418 iussissent

166 3449 275 3541 Saepe
300 3456 425 3531 μᾶλλον
454 3455 539 3545 apud
566 3456 793 3522 Tuucrutnnt
819 3458 864 3522 sic
884 3457 1015 3547 ponitur
1038 3458 1101 3524 sid.
1122 3457 1149 3524 L
1171 3464 1203 3526 3.
1222 3459 1348 3537 μίιιιαον

168 3558 336 3622 καλεῖσθαι
357 3557 541 3635 Ἕααηναι,
569 3584 670 3651 quum
697 3574 788 3628 antea
812 3563 896 3641 illud
918 3585 1035 3630 neman
1055 3566 1217 3654 negaverit
1235 3564 1268 3631 iu
1289 3585 1349 3630 usu

171 3663 287 3744 fuisse,
321 3664 372 3731 rel
400 3665 487 3733 Vlll.
511 3671 564 3734 rt.
584 3668 698 3733 ἐκείνου
723 3672 850 3747 μᾶλλον
875 3669 929 3744 ἤδη
960 3670 1233 3751 προσδεχομένου,
1260 3667 1349 3758 quod

172 3768 212 3835 de
244 3792 283 3835 eo
313 3770 432 3838 dicitur
452 3773 509 3863 qui
529 3773 629 3864 paulo
653 3785 727 3838 auto
746 3774 829 3839 οὐδὲν
855 3773 1055 3853 ξυμβατικὸν
1079 3775 1289 3856 ἀπεκρίνατο,
1316 3784 1354 3869 ct

166 3876 216 3940 sic
248 3877 393 3966 saepius(
425 3878 558 3945 Prorsus
587 3879 691 3945 simile
716 3877 886 3968 emblema
908 3877 1080 3967 irrepserat
1109 3879 1142 3943 in
1166 3878 1352 3947 numanis

174 3979 444 4069 Ctesiphontem
465 3990 483 4071 §
505 3988 578 4050 179.
593 3984 703 4049 οίκουν
721 3983 841 4050 ίίποπον
862 3984 922 4057 σας
940 3984 998 4062 μὲν
1019 3983 1140 4064 δωρεὰς.
1152 3990 1203 4051 νῦν
1220 3985 1349 4058 πλείους

168 4081 249 4151 εἶναι
273 4084 316 4148 σοὶ
339 4086 371 4151 δὲ
397 4086 579 4167 πράγματα
601 4095 657 4163 σῆς
678 4088 797 4161 πόλεως
818 4087 893 4154 πίσε
907 4092 1038 4167 μᾶλλον
1063 4087 1094 4175 [ἢ
1120 4089 1186 4177 νῦν]
1205 4091 1348 4170 ἰσχύειν,

159 4189 227 4259 tubi
247 4201 386 4280 quatuor
407 4190 521 4280 optimi
533 4189 610 4257 libri
632 4192 649 4267 ἢ
672 4197 723 4256 νῦν
741 4193 905 4259 omittunt.
923 4208 925 4211 ’
941 4193 983 4257 dt
1001 4193 1221 4260 Xunoruourr
1236 4194 1351 4260 nullus

164 4293 254 4360 liber
273 4294 454 4385 opitulatur
472 4295 504 4362 in
524 4297 680 4362 Anabosa‘
696 4295 750 4362 Vl.
762 4315 788 4362 u.
806 4301 858 4363 17.
874 4300 913 4368 ee
926 4297 962 4362 δὲ
981 4300 1037 4371 τῆς
1056 4298 1208 4373 Ἑνινιοίδοι
1223 4300 1349 4367 ἐδόκουν

164 4401 267 4480 ἐγγὺς
294 4398 459 4480 γίγνεσίαι
486 4400 541 4493 ἤδη
566 4403 692 4479 μᾶλλον
716 4401 748 4490 [ἢ
773 4399 919 4488 πρίοίεν]
936 4402 1037 4484 εἰσῄει
1062 4404 1176 4476 αὐτοὺς
1202 4400 1283 4476 deoc
1306 4401 1350 4468 ίιν

165 4507 221 4572 οιαὶ
255 4505 384 4588 ἔχοντές
412 4528 442 4571 σι
470 4505 576 4572 οίιοαδε
603 4507 805 4589 ιίφίκοινπαι,
842 4505 899 4571 ubi
926 4507 944 4583 i
974 4507 1102 4589 πρίσίεν
1130 4509 1236 4598 spuria
1261 4518 1350 4572 sunt.

167 4612 266 4677 Νουα
292 4609 373 4677 baec
391 4630 468 4676 cura
488 4611 618 4678 subibat
637 4611 771 4679 animos.
817 4612 922 4679 Multa
940 4612 1118 4703 degenere
1137 4613 1201 4680 boc
1219 4611 1347 4680 emble·

165 4729 252 4786 mata
266 4729 313 4797 *et
339 4735 380 4784 ex
409 4715 479 4783 aliis
503 4729 540 4784 et
564 4737 607 4786 ex
637 4707 841 4786 Tuuormoa
872 4718 1052 4786 nannenus
1075 4720 1192 4800 eiecit,
1212 4717 1254 4784 de
1273 4739 1349 4809 *quo
