3309 5750
719 604 723 607 ’
744 620 810 684 ace

176 817 272 886 Nunc
291 827 461 909 postquam
478 812 557 880 haec
575 812 681 879 omnia
698 810 870 902 diligenter
887 812 1040 902 explicuit
1056 812 1179 880 dictum
1196 816 1356 905 oportuit:

176 933 209 990 et
223 934 304 990 nota
324 925 406 987 haec
424 930 522 987 crant
542 921 632 986 codic
652 929 684 985 et
703 923 793 986 satie
814 917 922 985 cleiis
941 942 1029 985 ιινιιο
1045 943 1096 986 me
1110 916 1242 987 decrero
1260 924 1354 989 arbi·

173 1038 260 1097 tror.
306 1029 420 1119 ltaque
449 1027 626 1095 necessario
656 1023 881 1117 corrigendum
908 1013 1353 1109 contemnerentur

173 1134 298 1219 λέγειν,
327 1147 396 1201 tum
421 1156 482 1225 pro
508 1134 736 1213 ὑπομιμνήσκει
757 1130 995 1199 emendandum
1016 1131 1252 1211 ὑπομέμνηκεν,
1276 1155 1353 1200 nam

175 1251 240 1305 tam
269 1240 443 1307 absurdum
476 1250 525 1304 est
553 1238 781 1317 ὑπομιμνήσκει
816 1258 855 1303 ac
882 1237 909 1303 si
938 1237 1009 1327 quis
1034 1236 1067 1302 in
1096 1237 1153 1303 teli
1178 1260 1212 1303 re
1238 1239 1351 1313 ὑκοινῶς

173 1341 258 1422 λέγω
283 1369 342 1437 pro
363 1345 470 1427 εἴριριιοι
496 1344 602 1410 dicere
624 1342 787 1410 voluisset.
836 1341 1052 1418 Vehementer
1067 1342 1149 1410 mihi
1168 1355 1351 1434 suspectum

173 1450 306 1517 verbum
335 1463 383 1518 est
411 1450 444 1516 in
476 1447 713 1539 Ctesiphontem
742 1452 761 1534 ς
789 1452 833 1517 82
860 1449 963 1531 χωρίον
990 1445 1028 1513 ὧν
1052 1451 1119 1516 οὑδὲ
1142 1449 1185 1516 σοὶ
1208 1448 1351 1528 ὑνὺμοοτοι

173 1554 336 1635 ᾖδειμεν
364 1554 527 1637 πρότερον,
559 1575 634 1620 uam
662 1554 775 1637 ᾖδεμεν
798 1553 912 1643 utique
933 1552 1088 1643 scriptum
1108 1554 1270 1644 oportuit,
1288 1555 1351 1619 ita-

171 1679 236 1747 que
263 1656 383 1742 ᾖσμεν,
418 1673 454 1726 ut
472 1659 564 1750 ,apud
587 1658 847 1738 trnrnorrnr,
869 1658 1047 1748 genuinum
1067 1680 1134 1726 esse
1156 1658 1263 1733 credo,
1313 1658 1350 1724 ln

147 1764 284 1834 *eadem
313 1767 455 1833 oratione
485 1773 502 1855 §
538 1770 602 1832 175
633 1768 658 1833 εἰ
688 1766 746 1844 μὲν
780 1765 845 1846 yda
881 1768 998 1845 ἠρνεῖτο
1027 1766 1072 1845 μῇ
1103 1766 1201 1839 δειλὸς
1227 1761 1349 1843 εἶνοοιῇ

171 1870 262 1946 ὑμεῖς
289 1873 334 1950 μῇ
365 1872 570 1955 σννῇδειτε
597 1870 863 1951 sordesceremus
888 1870 902 1933 ὑ
926 1869 1020 1948 λόγος
1044 1869 1084 1935 ἄν
1113 1894 1166 1949 μοι
1189 1869 1351 1952 ποιρὲσχεν

169 1972 204 2038 id
225 1974 330 2065 ipsum
352 1976 575 2067 reponendum
595 1997 730 2055 censeo,
753 1973 842 2066 quod
864 1973 899 2041 in
922 1974 1123 2041 Timarchea
1143 1998 1243 2065 paene
1258 1976 1350 2045 inte-

171 2101 263 2167 grum
290 2082 388 2147 erasit
416 2091 545 2162 σννῇςε,
569 2103 645 2143 nam
665 2080 812 2167 σννῇδετε
833 2079 966 2146 fortasse
986 2081 1093 2148 dicere
1112 2081 1235 2171 potuit,
1258 2086 1349 2165 σννῇ-

170 2188 251 2252 δειπε
266 2209 338 2252 -non
357 2186 484 2276 potuit,
506 2185 579 2250 ride
601 2187 800 2254 Euusutrurt
814 2188 855 2254 ed
875 2190 1112 2257 Actamenses
1131 2211 1175 2260 vs,
1193 2191 1276 2267 323,
1293 2188 1350 2279 qui

173 2291 264 2356 offert
288 2296 329 2358 ex'
354 2292 531 2357 Euulrlols
552 2291 702 2358 Bacchis
728 2316 769 2358 rs.
796 2296 894 2360 1343.
974 2359 976 2362 ,

347 2394 401 2476 ὑφ’
424 2396 550 2475 ἐμάθεθ’
574 2398 678 2475 ἡμᾶς,
704 2391 757 2461 ὅτε
781 2398 807 2461 δ’
831 2398 927 2478 ἐχρῆν
949 2398 1005 2467 οὐκ
1028 2398 1142 2480 ᾖδεπε,

171 2518 269 2585 quam
288 2499 478 2595 scripturam
499 2502 669 2568 confirmat
687 2501 872 2570 testimonio
894 2500 1157 2572 Antiatticietae
1178 2501 1224 2592 (in
1244 2501 1350 2570 Brun.

119 2660 121 2665 ,
167 2604 292 2670 Anecd.
311 2628 341 2693 p.
359 2610 418 2684 98,
441 2611 497 2689 14)
515 2605 672 2690 ᾖδεπιιίι
690 2607 859 2686 Εὐριπίδης
871 2606 1033 2687 Βάκχοιο,
1050 2630 1124 2675 narn
1139 2608 1228 2689 ᾖδεπε
1242 2594 1365 2674 ισιυιιι

167 2731 244 2775 esse.
291 2710 353 2776 Hic
383 2710 450 2801 ipse
470 2711 570 2789 ¹¹locus
599 2709 796 2778 demonstret
827 2732 924 2799 quem
953 2733 1024 2775 rara
1051 2711 1170 2778 fuerint
1188 2712 1252 2777 inm
1273 2712 1351 2779 olim

168 2814 264 2884 huius
290 2816 411 2889 formae
431 2815 594 2908 exempla,
621 2827 657 2883 ut
680 2815 848 2883 Atticistae
869 2815 1102 2884 contenderent
1122 2815 1245 2884 Atticos
1265 2841 1349 2886 sem·

166 2945 225 3013 per
253 2921 366 2988 dixisse
394 2919 510 3004 ᾖσμεν,
545 2919 600 3005 ᾖτε
621 2933 654 2988 et
674 2919 772 3004 ᾖσοιν,
798 2921 918 3011 quibus
938 2919 1135 2988 adversarius
1156 2943 1255 2989 unum
1274 2934 1348 2988 tan-

165 3044 235 3097 tum
266 3031 372 3097 locum
408 3051 445 3095 er
478 3028 653 3119 Tragoedia
684 3051 848 3119 opponere
878 3027 996 3118 potuit.
1043 3028 1150 3099 Etiam
1179 3027 1257 3095 alibi
1286 3027 1347 3097 hae

164 3137 288 3204 formae
309 3136 493 3229 perierunt,
515 3148 551 3201 ut
574 3136 607 3202 in
632 3135 811 3202 Ecurcrnls
834 3134 1037 3204 Heraclidis
1061 3158 1107 3237 qs.
1132 3138 1210 3204 658.

524 3243 578 3305 οὐκ
601 3240 693 3318 ἴσμεν
717 3242 808 3318 ἡμεῖς
833 3245 962 3313 τσιὺπσι,

162 3359 251 3415 recte
278 3345 485 3413 flrnnrrrus
513 3341 611 3425 ᾖσμεν
632 3345 792 3434 reposuit,
817 3356 849 3410 et
869 3355 943 3410 sunt
967 3344 1065 3415 etiam
1086 3344 1164 3424 alia,
1188 3344 1243 3411 sed
1262 3343 1342 3415 haec

163 3453 310 3520 sufficere
338 3470 423 3515 nunc
450 3433 600 3514 ridentur
627 3448 985 3518 addemonsrrandum
1011 3462 1099 3516 recte
1123 3450 1210 3542 apud
1233 3451 1345 3523 Xeno.-

164 3574 322 3624 rucurmr
341 3554 445 3621 πὺλοιι
465 3552 520 3636 ᾖςε
537 3555 667 3620 rescribi
683 3578 775 3645 posse
795 3555 975 3634 cresbere,
994 3578 1134 3645 namque
1152 3568 1216 3627 tam
1232 3581 1343 3628 ueces-

163 3663 282 3731 sarium
308 3683 375 3728 esse
403 3659 629 3750 imperfectum
647 3662 825 3739 sciebatne,
848 3672 946 3749 atque
964 3659 1000 3729 ir
1028 3659 1235 3731 Oeconomico
1255 3665 1345 3746 xlx,

165 3773 205 3836 17
226 3767 330 3835 ποὺλοιι
353 3789 397 3830 σοι
413 3763 544 3844 Ιἔλεγον,
565 3777 597 3832 et
615 3789 709 3856 saepe
729 3765 824 3831 alibi:
845 3764 949 3833 πὺλοιι
969 3764 1073 3843 λέγω,
1093 3766 1198 3835 esen
1220 3769 1339 3850 ἐρωτῶ,

160 3885 194 3939 et
220 3872 288 3939 sim.
317 3869 469 3938 dicuntur
495 3870 537 3937 ab
565 3893 622 3949 eo,
647 3871 704 3961 qni
729 3894 838 3939 morae
866 3870 1035 3960 impatiens
1058 3870 1202 3961 postulat
1222 3885 1257 3943 ut
1277 3875 1340 3943 ali·

155 3974 293 4068 quondo
305 3973 455 4040 audiatur
464 3985 519 4039 aut
532 3987 566 4040 ut
578 3977 637 4043 sibi
650 3977 779 4044 tandem
790 3977 1040 4067 respondeatur,
1055 3977 1135 4043 utin
1148 3979 1251 4046 Pluto
1262 3985 1338 4051 261.

271 4080 376 4147 οὔκουν
398 4077 502 4145 ποὺλοιι
527 4081 622 4156 δῇπον
646 4083 748 4168 λέγω,
773 4085 812 4150 σὺ
836 4084 862 4148 δ
886 4085 982 4156 οιὺπδς
1005 4086 1060 4150 οὑκ
1081 4084 1215 4158 dcccdccc.
1309 4116 1312 4124 ¹

160 4189 199 4261 ln
220 4191 239 4275 ᾖ
260 4191 303 4256 28
325 4184 541 4277 Apollodorus
562 4187 602 4254 ad
622 4186 787 4257 Socratem
806 4189 851 4254 ita
870 4187 966 4257 dicit:
995 4188 1085 4254 οὑλλὺ
1106 4193 1192 4257 τοῦτ’
1215 4191 1336 4279 ἔμεινε,

158 4294 180 4362 ὦ
207 4297 390 4374 Σὺκροιτερ,
412 4292 637 4371 χοιλεπιὺτοιποι
656 4293 739 4375 φέρω
759 4292 805 4359 ὑπι
825 4293 879 4373 ὁρῶ
896 4317 933 4357 σε
952 4292 1064 4364 οὶδίκωε
1088 4295 1335 4372 οὶποὺνῇσκοντσι.

158 4399 219 4468 cei
249 4400 319 4465 ille:
352 4400 392 4464 σὺ
422 4399 469 4476 δὲ,
503 4393 692 4479 ὦφίλποιπε
720 4397 956 4477 Ἀπολλόδωρε,
990 4400 1114 4475 μᾶλλον
1140 4398 1178 4467 ἂν
1202 4404 1335 4480 ἐβούλου

154 4531 211 4586 με,
228 4505 299 4586 ὀροῖν
330 4503 452 4577 δικοιίοις
489 4503 533 4590 [ᾖ
550 4502 677 4591 ἀδίκοις]
704 4503 962 4577 ἀποθνήσκοντος
986 4514 1134 4592 potestne
1154 4504 1334 4595 quidquam

157 4632 225 4681 esee
259 4608 440 4705 languidius
470 4620 503 4675 et
534 4609 574 4677 ab
604 4608 665 4677 hac
698 4608 819 4677 urbana
848 4607 990 4674 oratione
1016 4609 1151 4675 alienius
1186 4633 1284 4699 quam
1310 4615 1331 4690 ᾖ
1397 4673 1406 4692 ,,

155 4714 267 4788 οὑδιίιιος
294 4717 341 4780 sic
368 4713 542 4784 additum?
561 4778 567 4788 ,
589 4714 628 4782 ln
657 4718 675 4800 §
704 4713 905 4782 tatamen
940 4712 1094 4801 ποριόντοο
1129 4715 1196 4783 ἰδὼν
1233 4713 1329 4785 εἶπεν·
