3309 5750
731 740 772 801 25

173 912 297 979 indocti
334 916 468 989 ἰδιῶται,
503 934 583 1001 quos
619 911 787 977 Graeculos
821 909 930 975 dicere
965 908 1088 986 licebit,
1122 928 1179 996 pro
1206 907 1355 976 latoidae

172 1016 321 1084 dicebaut
343 1019 501 1086 θλισθοοθνιο
525 1028 557 1085 et
585 1019 743 1093 ὠλθπθιισιο
766 1035 825 1103 pro
846 1016 991 1089 ὤλισθον,
1018 1023 1054 1081 ut
1076 1016 1193 1100 passim
1221 1017 1355 1101 antique

170 1120 274 1188 formu
296 1124 406 1189 aoristi
428 1124 513 1212 apud
534 1125 613 1190 istos
636 1122 724 1189 abire
754 1120 836 1186 solet
856 1121 887 1186 in
912 1119 1048 1185 lormam
1067 1140 1085 1185 e
1104 1119 1229 1206 vulgari
1251 1120 1357 1187 analo·

170 1227 224 1310 gia
246 1226 398 1304 ductum,
424 1238 460 1295 ut
478 1229 557 1306 ἥξοι,
580 1227 696 1305 laede,
720 1226 858 1308 θλειψιο,
879 1224 1023 1309 loreia,
1047 1223 1235 1306 ἡμιθρπιισιι,
1258 1224 1357 1304 ἒβλὲ·

170 1357 271 1410 aure,
307 1336 472 1418 θπέδριιποι
496 1335 567 1422 (pro
591 1332 762 1422 ἆπθδριιν),
798 1332 895 1415 denua
925 1330 996 1419 (pro
1018 1326 1135 1419 εἷλον),
1158 1328 1263 1411 ἔθιεξιι
1288 1331 1359 1418 (pro

168 1438 328 1528 ἔδραμον),
351 1440 452 1506 ἕπσσιι
468 1438 684 1523 plurimorum
707 1457 769 1503 usn
791 1438 926 1512 tritum,
949 1436 1012 1502 aliu
1032 1455 1096 1502 non
1118 1455 1231 1522 pauca.
1277 1433 1361 1502 lotus

169 1543 300 1609 dicendi
331 1543 443 1609 sordes
475 1550 508 1609 et
544 1542 780 1609 immunditiem
814 1542 939 1608 librarii
971 1542 1116 1629 antiquis
1147 1538 1360 1625 scriptoribus

172 1657 263 1712 certa
286 1647 475 1732 contagione
501 1647 602 1713 solent
634 1647 796 1725 affricare,
817 1647 904 1713 docti
926 1656 1051 1733 partem
1074 1655 1202 1713 tantum
1219 1665 1258 1710 ex
1285 1646 1360 1712 istis

174 1753 246 1818 arisi
274 1760 352 1818 sunt
377 1752 500 1827 tollere,
523 1751 586 1817 alia
606 1752 789 1820 dubitanter
811 1753 973 1832 retinent,
994 1752 1056 1819 alia
1081 1754 1151 1819 sine
1179 1752 1245 1819 ulla
1265 1752 1358 1820 dubi·

172 1859 292 1923 tatione
313 1857 430 1923 hubent
453 1877 509 1943 pro
535 1857 751 1944 integerrimis
774 1858 1032 1944 sanissimisque.
1081 1858 1134 1925 Sic
1153 1857 1273 1936 ἐνσθξσι
1299 1879 1357 1946 pro

169 1965 303 2029 ἐντεκεῖν
333 1962 476 2028 Atticum
503 1983 573 2029 esse
605 1962 691 2029 docti
724 1963 872 2028 homines
897 1961 1006 2028 faciles
1030 1963 1185 2041 credunt,
1220 1963 1304 2050 quod
1328 1964 1357 2030 si

168 2067 202 2132 iu
234 2068 443 2134 Anrsrormuu
465 2066 554 2156 (lys.
578 2068 655 2158 555)
680 2087 880 2154 concoquere
905 2068 960 2135 Tu.
985 2069 1135 2135 Beneurus
1157 2070 1282 2156 potuit,
1306 2068 1357 2134 id·

168 2191 231 2258 quc
255 2180 324 2258 post
346 2192 454 2238 veram
479 2172 647 2240 lectionem
666 2172 796 2250 ἕνςθξιιι
813 2173 854 2238 ab
876 2173 1054 2239 Hiuscmmo
1078 2183 1256 2260 repertam,
1277 2173 1357 2262 quid

167 2286 312 2344 caeteros
332 2276 424 2343 -lerre
450 2298 542 2363 posse
569 2280 724 2346 censeas?
773 2280 886 2365 ltaque
913 2280 1016 2345 sicubi
1035 2280 1159 2345 ὤλισθον
1182 2288 1252 2346 erut
1278 2281 1357 2346 scri·

166 2392 275 2470 ptum,
304 2381 398 2448 facile
421 2382 461 2447 ed
485 2404 581 2449 suum
604 2387 759 2461 ὠλίσθηναν
780 2384 931 2451 aberrant
954 2384 1078 2449 librarii
1097 2386 1236 2461 ἰδιῶται,
1260 2384 1357 2471 idque

166 2490 203 2555 si.
223 2496 363 2574 pergunt
391 2485 498 2553 faeere
526 2488 655 2555 tandem
679 2491 820 2576 genuina
855 2488 957 2554 iorma
989 2490 1059 2554 sine
1094 2490 1228 2574 uestigio
1263 2490 1357 2575 perit.

167 2593 321 2659 Periisset
350 2593 453 2679 igitur
483 2594 516 2658 in
536 2596 749 2669 Auerrunosr,
775 2614 848 2660 nam
869 2614 926 2679 pro
945 2595 1068 2658 ὤλισθεν
1092 2592 1116 2658 Ι.
1144 2598 1195 2657 18.
1216 2599 1245 2658 1.
1267 2595 1358 2660 dale·

166 2702 256 2774 θνσει
288 2699 418 2784 irrepsit
450 2706 482 2764 et
519 2699 574 2765 lll.
615 2704 671 2766 64.
704 2704 722 2764 5
757 2701 985 2775 κοιπολισθὴσσις
1018 2718 1076 2783 pro
1109 2699 1297 2763 κοιπολισθοθν
1327 2707 1362 2768 ei

166 2804 279 2872 rhetor
309 2804 447 2869 nitorem
480 2806 638 2870 sermonis
669 2804 795 2890 antiqui
823 2824 860 2869 ea
892 2803 960 2869 labe
994 2813 1026 2869 et
1058 2802 1184 2869 mucula
1209 2803 1358 2871 iniecisse

166 2918 294 2999 poterat
320 2909 443 2985 rideri,
483 2912 545 2976 uisi
576 2911 692 2977 vitium
718 2909 793 2975 lelix
818 2909 857 2975 ll.
893 2914 989 2976 mu
1023 2910 1231 2975 commissum
1257 2910 1357 2978 homi·

166 3036 241 3084 uem
263 3016 459 3094 absolveret,
483 3017 537 3082 ubi
559 3018 592 3083 ln
616 3017 707 3082 libris
730 3024 800 3082 est:
825 3014 864 3082 ὧν
899 3017 950 3083 bole
972 3016 1007 3082 πθ
1030 3018 1144 3092 πλῆθος
1167 3017 1356 3085 &scariotei

165 3147 217 3203 μοι
242 3130 298 3198 σῆς
321 3125 445 3201 uelum
465 3123 508 3189 πθ
529 3124 677 3200 πλείοσιν,
701 3123 818 3209 inquo
842 3122 958 3189 tuendo
982 3140 1057 3188 vera
1079 3121 1174 3188 lectio
1196 3124 1353 3189 θπιθλισθι

166 3248 224 3316 per
247 3227 490 3294 multasaeoula
511 3236 582 3294 tuto
600 3228 729 3294 delituit
749 3238 781 3295 et
800 3248 916 3294 manus
936 3227 1082 3293 indoctus
1103 3226 1233 3313 elingit,
1249 3236 1284 3293 ut
1306 3248 1353 3295 re·

167 3336 252 3402 natis
283 3333 400 3399 litteris
423 3334 526 3419 perite
549 3335 582 3397 in
602 3333 706 3398 lucem
731 3341 948 3398 revocaretur.
996 3331 1165 3406 Graeculi,
1192 3333 1220 3396 si
1256 3332 1355 3401 huius

165 3441 227 3508 loci
252 3439 402 3506 tenebras
426 3437 594 3524 dispellere
617 3438 821 3523 potuissent,
847 3438 916 3501 sine
944 3435 1008 3500 ulla
1032 3437 1249 3501 controversia
1270 3439 1355 3503 οὶπο·

165 3550 293 3624 λθσθησε
312 3546 532 3632 scripsissent,
556 3541 825 3629 quemadmodum
851 3541 883 3604 in
904 3541 1073 3604 Puuruncur
1100 3538 1260 3605 Cleomene
1271 3541 1355 3607 xlx.

167 3674 196 3740 p.
209 3658 277 3721 eto
301 3670 403 3737 quum
432 3649 547 3737 optimi
582 3647 656 3713 libri
691 3654 839 3713 servent:
863 3642 954 3710 ἔλιιθε
985 3645 1016 3709 δὲ
1041 3645 1214 3721 διολισθιθν,
1237 3644 1358 3731 reliqui·

166 3778 279 3824 omnes
305 3756 498 3832 haereticae
524 3752 697 3830 exhibent,
721 3771 803 3839 quae
826 3749 969 3836 vulgaris
990 3750 1085 3816 lectio
1107 3748 1170 3817 luit
1192 3752 1355 3836 usquead

166 3863 372 3930 Srnruursruu.
420 3859 591 3926 Simillimo
621 3859 699 3924 vitio
733 3857 856 3923 librarii
886 3858 919 3923 in
944 3859 1163 3923 hrrsroruerus
1197 3855 1357 3944 lepidissi-

165 3988 218 4035 mo
240 3966 312 4035 loco
331 3965 465 4052 Lysistr.
491 3969 555 4030 677
578 3963 749 4030 dederant:

325 4072 537 4137 ἱππικώτατον
561 4069 624 4152 γάρ
648 4071 694 4139 lar
717 4076 828 4150 χρῆμοι
851 4067 993 4150 κᾶποχον
1014 4070 1092 4148 γυνθ

325 4179 400 4244 κούκ
422 4176 686 4243 θνοιπολθσθοιι,
707 4174 880 4256 τρέχοντος.

165 4282 467 4372 ριοθινοθπολθσθοι,
492 4280 576 4367 quod
600 4300 699 4366 quum
721 4280 886 4347 Duwnsrus
909 4280 1081 4366 reperisset
1103 4278 1248 4368 (Miscuit.
1275 4279 1351 4348 Grit.

163 4411 195 4478 p.
209 4387 291 4477 559)
312 4387 460 4453 meliores
478 4385 554 4451 libri
576 4387 702 4452 excussi
722 4385 965 4451 confirmarunt.
1015 4384 1054 4451 Ut
1075 4384 1176 4468 igitur
1191 4385 1350 4463 ὀλισθῆσαν

166 4516 204 4561 ex
225 4493 367 4582 plebeiae
389 4491 540 4557 dictionis
564 4491 760 4577 negligentia
787 4492 929 4577 irrepere
953 4489 1054 4567 solet,
1083 4490 1130 4555 sic
1151 4487 1352 4575 frequentius

165 4600 263 4666 ctiam
292 4598 451 4664 loretello
485 4596 670 4663 obtruditur
702 4597 813 4662 invitis
835 4603 981 4662 veterum
1008 4594 1246 4673 imitatoribus,
1270 4616 1352 4681 quae

167 4705 290 4782 iorma,
313 4704 410 4769 sicuti
430 4711 462 4769 et
483 4704 618 4780 οἱδιοθνο,
644 4702 744 4768 nihilo
766 4709 816 4768 est
842 4701 950 4766 sanior
972 4719 1069 4786 quam
1093 4700 1121 4767 si
1145 4700 1218 4786 quis
1240 4702 1351 4782 θφλισ·

166 4810 257 4881 selvo
283 4810 391 4879 dicere
411 4808 574 4877 voluisset.
610 4809 770 4892 Poetestri
788 4808 828 4875 iis
852 4813 1013 4885 utuntur,
1036 4805 1094 4892 qui
1120 4807 1257 4871 miscent
1293 4805 1353 4872 ele·

1116 4916 1128 4953 3
