3309 5750
769 621 836 683 200

213 825 408 902 ἱππομαχῶν
430 818 483 885 καὶ
508 817 711 900 πεζομαχῶν.
761 813 862 879 Paulo
889 823 962 904 post
987 809 1094 879 editur
1119 812 1231 878 ἑκατὸν
1251 815 1394 892 γεγονὼς

213 931 288 994 ἐτῶν
307 938 340 992 et
361 929 379 1012 §
401 929 451 994 18.
472 927 546 990 ἐτῶν
566 924 702 1002 γεγονὼς
721 920 880 1002 τεττοὶρων
905 919 958 984 καὶ
980 918 1109 993 ἑκατόν,
1135 918 1258 985 vitiose.
1293 919 1396 987 Recte

213 1034 284 1119 in§
309 1036 357 1098 19.
383 1030 470 1097 ἐννέα
492 1029 545 1093 καὶ
567 1029 748 1103 ἐνενήκοντα
769 1027 905 1104 γεγονὼς
930 1023 1004 1099 ἔτη,
1032 1022 1089 1089 ubi
1110 1021 1218 1090 (iudex
1241 1023 1279 1090 Α.
1300 1026 1393 1106 ἐτῶν,

214 1152 325 1205 contra
345 1138 378 1202 in
399 1139 417 1222 §
440 1139 481 1203 18
501 1132 600 1199 codex
622 1131 658 1197 B.
677 1131 742 1207 ἔτη.
792 1129 883 1195 Nihil
904 1130 997 1195 nobis
1019 1153 1099 1220 opus
1122 1142 1170 1196 est
1189 1131 1284 1197 libris
1302 1132 1395 1200 teati-
1422 1215 1424 1220 Ι

214 1244 290 1324 bus,
313 1267 386 1309 nam
407 1253 477 1307 utra
496 1239 651 1329 scriptura
670 1236 711 1301 sit
731 1235 854 1326 ubique
873 1235 981 1326 potior
998 1258 1036 1301 ex
1058 1235 1245 1302 Graecitatis
1268 1238 1395 1305 ratione

215 1361 248 1417 et
266 1371 326 1415 usu
344 1350 417 1415 sciri
437 1356 553 1438 potest.
602 1343 759 1410 Graecum
779 1355 827 1408 est
847 1344 886 1406 ὢν
912 1340 1079 1423 τριάκοντα
1103 1343 1195 1417 ἐτῶν,
1226 1343 1405 1424 γενόμενος

215 1457 290 1521 ἐτῶν
312 1453 441 1528 εἴκοσιν,
467 1450 522 1517 sed
544 1450 679 1529 γεγονὼς
705 1447 758 1524 ἔτι
781 1445 961 1529 τριάκοντα.
1010 1446 1202 1515 Somocnrs
1227 1448 1263 1515 in
1294 1450 1395 1516 notis·
1435 1466 1438 1472 ’

217 1560 297 1626 simo
321 1560 564 1650 epigrammate:

419 1664 495 1744 ᾠδὴν
519 1659 666 1742 Ἡροδότῳ
690 1657 800 1735 τεῦξεν
824 1663 991 1740 Σοφοκλῆς
1017 1658 1108 1723 ἐτέων
1132 1659 1171 1724 ὢν

420 1767 508 1831 πέντ’
531 1763 582 1828 ε’πθ
608 1764 815 1838 πεντήκοντα.
1238 1827 1242 1834 ,

164 1941 168 1949 ,
219 1875 277 1968 qui
296 1874 379 1939 hanc
404 1872 560 1937 rationem
580 1880 725 1933 constare
745 1868 954 1958 compererit,
975 1868 1064 1935 facili
1085 1869 1216 1959 negotio
1234 1859 1397 1962 quidquid

220 2002 350 2071 aegrum
376 1989 422 2043 est
451 1974 585 2041 sanabit.
617 1973 700 2039 Hinc
720 1974 884 2038 emendari
905 1986 1012 2064 potest
1031 1974 1194 2043 Proculus
1218 1977 1398 2066 quifertur
1423 2054 1427 2071 ‚

217 2084 413 2157 Alcibiades
434 2081 458 2147 1.
478 2106 510 2172 p.
534 2083 592 2144 121
618 2102 645 2144 e.
676 2079 721 2151 δὶς
743 2080 827 2144 ἑπτα
854 2081 886 2144 δὲ
915 2080 1087 2158 γενομένων
1115 2083 1190 2148 ἐτῶν
1212 2082 1267 2147 rto
1294 2084 1397 2150 παῖδα

219 2188 528 2274 παραλαμβάνουσιν
559 2185 608 2259 οὓς
634 2188 740 2251 ε’κεῖνοι
767 2185 951 2264 βασιλείους
976 2188 1202 2265 παιδαγωγοὺς
1228 2188 1396 2276 θνοροοθζου·

220 2322 279 2364 σιν.
314 2318 386 2361 aera
408 2292 504 2358 lectio
525 2301 572 2357 est
591 2290 767 2371 γενόμενον.
804 2287 922 2355 Contra
943 2290 976 2355 in
996 2289 1117 2356 Laeua
1141 2291 1324 2380 fragmento
1344 2297 1398 2360 30.

220 2397 255 2477 ἦν
278 2401 341 2482 γὰρ
366 2401 447 2481 αὐτῇ
471 2399 532 2469 υἱὸς
556 2399 591 2462 ἐκ
613 2401 666 2462 τοῦ
692 2395 836 2476 προτέρου
858 2397 963 2477 οὲνδρὸς
990 2398 1064 2461 ε’τιῖν
1090 2400 1227 2476 γεγονὼς
1254 2400 1396 2475 ἑκκαίδε-

220 2531 279 2581 κα,
314 2503 527 2571 neoessarium
549 2513 596 2568 est
619 2501 684 2577 ἔτν.
733 2498 861 2565 addam
888 2500 1102 2590 fragmentum
1126 2502 1330 2584 ursanum,
1364 2515 1399 2571 ut

220 2611 338 2680 mendo
355 2611 500 2678 liberem.
530 2610 575 2675 Ea
590 2608 699 2672 ἑαυτὸν
716 2605 931 2688 τιμωρουμένῳ
948 2607 1088 2697 primum
1104 2608 1320 2699 fragmentum
1337 2622 1398 2678 est:

444 2717 516 2797 πρὸς
541 2716 596 2789 τὴς
620 2714 752 2787 Ἀθηνᾶς
777 2713 927 2795 δαιμονᾷς
951 2715 1087 2790 γεγονὼς
1110 2712 1164 2791 ἔτη

444 2820 583 2893 τοσαῦθ’,
608 2818 684 2897 ὁμοῦ
707 2815 771 2897 γοθρ
795 2818 854 2882 εἰσι
879 2817 1073 2894 πεντήκοντα
1097 2843 1155 2886 σοι.
1221 2884 1223 2888 ,
1308 2830 1336 2852 ·'

113 2965 117 2971 ·
221 2927 371 3008 δαιμονρῖς
396 2937 462 2990 tam
483 2923 600 2989 durum
626 2935 658 2988 et
679 2922 948 2989 contumeliosum
971 2913 1102 2991 verbnm
1121 2938 1187 3007 est,
1218 2927 1317 2997 arab
1338 2927 1403 2996 hac-

221 3031 325 3120 prima
341 3030 456 3094 notitia
473 3030 557 3093 inter
578 3027 788 3095 Cunnunrnn
803 3039 835 3092 et
852 3028 1070 3096 Munansuuu
1084 3031 1316 3101 alienissimum
1331 3057 1403 3101 essa

125 3172 127 3177 ·
222 3135 376 3203 rideatur.
420 3133 554 3201 Codices
582 3135 699 3215 δαίμων
721 3134 771 3221 δύο
797 3132 958 3201 exhibent.
1001 3136 1237 3228 Reponendum
1258 3140 1397 3207 arbitror

220 3241 378 3321 δαιροθνιε,
405 3266 424 3308 o
441 3244 528 3308 done.
1243 3294 1255 3314 ..
1267 3297 1273 3311 ..

267 3345 304 3413 iu
331 3348 444 3415 libello
472 3348 540 3429 περὶ
563 3352 623 3413 τῶν
646 3345 783 3428 troitus
804 3350 862 3427 64,
884 3352 913 3415 9.
937 3351 1016 3428 μηδὲ
1039 3353 1192 3432 χυθεῖσαν
1218 3355 1275 3429 τὴν
1300 3376 1396 3421 σπου-

220 3453 272 3528 δὴν
301 3463 357 3532 τῆς
381 3455 557 3538 οἶκροοὶσεως
583 3454 742 3535 κεχηνότα
773 3452 818 3519 ἔτι
844 3455 897 3520 καὶ
923 3456 1063 3536 διψῶντα
1080 3458 1399 3549 -καταλιπεῖν.ἶ.1ογο’

220 3561 292 3640 μηδ’
317 3564 515 3643 ἐκχυθεῖσαν.
552 3561 614 3628 Pro
644 3560 778 3636 σπουδήν
805 3572 853 3625 cst
883 3561 940 3650 qui
961 3562 1093 3638 σπονδθν
1108 3563 1240 3653 [scripsit
1261 3564 1399 3655 procliui

221 3687 344 3748 errore,
379 3690 444 3757 quo
473 3666 569 3756 piane
597 3664 821 3756 pessumdatus
848 3679 895 3732 est
919 3667 1009 3732 locus
1029 3665 1179 3734 Dtonrsal
1200 3669 1319 3736 flaute.
1343 3670 1397 3735 cui

222 3770 327 3837 obiter
357 3793 450 3861 opem
475 3770 588 3835 feram.
634 3767 768 3857 Legitur
793 3769 829 3834 V.
852 3775 905 3836 53.
930 3772 1054 3852 ὁρῶντες
1079 3769 1125 3837 ὅτι
1150 3781 1224 3845 ταῖς
1247 3777 1397 3848 σπονδαῖς

221 3877 487 3941 ἀναπεπτώκασιν
507 3877 532 3940 οἱ
552 3873 664 3940 πολλοί
674 3921 684 3950 ,
708 3885 853 3941 vertunt:
877 3877 1028 3943 videntes
1048 3879 1298 3946 multitudinem
1310 3902 1397 3972 pau-

221 4003 300 4043 num
318 3980 368 4044 ad
384 3979 586 4044 seruandum
598 3978 740 4064 foedus,
771 3979 857 4068 quod
879 4004 983 4073 neque
1007 3984 1041 4048 in
1062 3984 1189 4050 Graecis
1207 3997 1255 4052 cst
1274 3998 1307 4053 et
1326 4010 1398 4057 seu·

223 4083 342 4150 tentiae
362 4083 555 4151 adversatur.
605 4084 746 4149 Emenda
767 4083 813 4150 iri
840 4096 912 4159 ταῖς
938 4090 1087 4161 σπουδαῖς
1112 4092 1399 4179 οὶναπεπτθκασιντ

221 4191 405 4277 refrixisse
434 4190 662 4256 multitudinis
699 4192 817 4257 eludia
827 4213 839 4268 ,·
873 4193 1080 4268 inaniorem,
1115 4207 1151 4260 ut
1183 4197 1286 4264 multa
1319 4199 1400 4278 alia,

223 4296 334 4361 sumsit
362 4297 402 4361 ab
432 4297 631 4364 Tuncrmon
660 4296 686 4365 Ι.
706 4302 774 4368 70.Ι
790 4298 958 4364 ltnnosrn.
985 4323 1018 4389 p.
1040 4304 1124 4378 411,
1146 4304 1177 4367 2.
1202 4302 1324 4368 δέδοικα
1353 4306 1399 4383 μὴ

221 4402 557 4476 adsistereassidere
577 4397 649 4476 ἦτε,
670 4415 701 4469 et
722 4404 885 4470 Ponrmns
905 4410 1033 4472 Arnen.
1055 4405 1095 4471 X.
1116 4431 1149 4496 p.
1170 4410 1235 4475 418
1254 4425 1284 4472 n.
1309 4409 1400 4475 uerit

221 4508 328 4589 μικρὸν
352 4506 503 4572 αἶνέπεσον
526 4516 598 4580 ταῖς
623 4514 761 4589 ψυχαῖς.
1037 4582 1043 4590 ,

222 4670 225 4678 .
268 4613 308 4680 In
334 4612 483 4704 Navigio
501 4635 560 4678 eeu
584 4614 686 4682 Votis
710 4616 768 4692 66,
790 4616 819 4679 2.
853 4613 1019 4696 προχειιιθς
1048 4617 1239 4686 mutandum
1262 4618 1296 4684 in
1324 4643 1397 4700 προ-

222 4721 347 4802 χειλθς.
391 4717 485 4786 Certa
506 4719 651 4810 analogia
671 4719 712 4785 ab
731 4718 853 4786 neutris
875 4718 907 4784 in
929 4742 976 4791 -ος
1004 4720 1160 4791 adiectisa
1179 4724 1212 4790 iu
1233 4725 1286 4799 -ής
1307 4737 1399 4789 com-

1443 2462 1451 2491 i
