3309 5750
1403 728 1443 780 XI

261 894 402 970 laudem
425 916 466 966 ac
487 890 633 990 gloriam
653 910 792 965 summa
806 912 873 989 ope
894 890 1067 968 vindicare
1083 901 1118 968 et
1135 895 1224 971 tueri
1247 897 1438 977 enitimur?

263 1030 325 1096 aut
357 1020 499 1121 putabis
529 1020 613 1094 satis
637 1019 708 1095 iam
734 1043 809 1092 esse
837 1021 1023 1097 emendata
1048 1024 1164 1100 omnia
1195 1030 1248 1099 tot
1277 1025 1434 1125 iugenio·

259 1148 586 1244 sorumshominum
609 1154 683 1222 tam
708 1145 904 1234 sollertibus
929 1150 1040 1240 curis,
1067 1159 1108 1227 ut
1132 1152 1346 1251 supersederi
1373 1155 1434 1240 ult

259 1277 400 1377 quaudo
422 1276 487 1365 hac
508 1297 611 1373 opera
634 1274 744 1372 possit
768 1282 804 1347 et
826 1282 966 1374 tempus
990 1278 1061 1353 iam
1085 1279 1132 1353 ait
1157 1280 1227 1357 irui
1250 1281 1349 1366 bonis
1372 1308 1435 1381 per

260 1414 314 1482 tot
344 1423 456 1490 annos
481 1402 621 1499 paratis.
662 1401 763 1492 ‚eris
793 1403 883 1477 serio
901 1403 958 1479 his
979 1407 1185 1505 respondere
1211 1408 1431 1512 dignabitur,

259 1532 323 1630 qui
343 1530 522 1628 optimum
542 1547 714 1629 quemque
740 1530 942 1628 scriptorem
965 1534 1138 1610 Graecum
1158 1534 1263 1635 longo
1285 1561 1352 1610 usu
1369 1562 1430 1613 no-

259 1658 348 1740 verit
378 1656 425 1733 ad
453 1656 544 1732 hunc
573 1656 666 1734 diem
695 1657 788 1750 vitiis
817 1666 855 1731 et
885 1659 1057 1736 erroribus
1088 1686 1192 1738 omne
1216 1687 1330 1762 genus
1355 1678 1430 1741 ense

261 1785 458 1885 oppletum,
475 1809 622 1883 quorum
637 1793 773 1883 partem
791 1785 948 1885 plerique
966 1795 1044 1862 tum
1059 1789 1203 1867 demum
1216 1799 1429 1889 agnoscmt,

256 1937 369 2013 quum
392 1912 496 1988 simul
520 1912 690 2011 deprensa
707 1912 802 1987 treus
827 1920 881 1987 est
899 1920 1046 1989 atcerte
1065 1917 1262 2008 emendatio
1280 1928 1425 2017 repertu.

253 2042 379 2140 Aequo
399 2039 515 2116 animo
540 2039 580 2115 in
597 2040 795 2115 Ecurrrnrs
819 2039 1020 2117 Phoenicen
1043 2045 1124 2122 lm.
1153 2045 1283 2123 eruditi
1306 2071 1427 2126 ornnes

254 2168 435 2269 legebant:

374 2284 406 2371 ὦ
432 2297 694 2394 λιπαροζώνου
719 2296 889 2395 θύγατερ
913 2297 1063 2375 Ἀλίαν
1085 2300 1311 2395 zoaram,

253 2449 365 2524 quum
389 2424 587 2522 nuperrime
616 2423 782 2499 Brnnarr
810 2424 861 2517 (iu
886 2425 992 2523 prael.
1020 2427 1066 2503 ad
1090 2428 1285 2508 Euurrrms
1309 2431 1424 2529 Ιρλτρ.

249 2555 288 2627 ia
322 2553 449 2628 Tamtu
474 2558 511 2625 et
542 2551 625 2626 Hel.
652 2572 730 2649 pag.
757 2553 830 2643 17.)
865 2573 909 2627 ex
942 2566 1301 2629 aarorcenarsara
1336 2557 1426 2632 erut

245 2691 650 2756 AATOTCCGAANMA
675 2685 712 2751 et
735 2703 852 2753 veram
877 2680 1082 2778 scripturam
1103 2681 1256 2757 restituit
1278 2684 1401 2762 hancc-

369 2797 401 2896 ὦ
425 2789 689 2908 λιταροζώνοα
715 2808 886 2907 θύγατερ
908 2810 1070 2896 Λατοῦς·
1090 2810 1302 2889 Σελαναία.
1416 2867 1418 2872 -

246 2937 518 3015 Innumerabilia
532 2937 685 3013 locorum
706 2935 758 3010 via
780 2943 955 3034 superest,
981 2935 1048 3027 nbi,
1065 2937 1211 3036 antiquo
1232 2938 1422 3038 scripturos

240 3066 332 3144 'vitio
355 3052 439 3143 sana
460 3088 559 3141 mens
582 3065 751 3166 impedita
771 3063 908 3153 haeret,
939 3065 1003 3162 qui
1026 3065 1064 3141 in
1089 3065 1266 3165 integrum
1284 3068 1423 3144 restitui

243 3194 430 3272 manifesta
461 3193 669 3272 correctione
700 3216 822 3266 omncs
850 3216 921 3275 non
949 3199 1116 3290 possunt,
1151 3202 1190 3269 at
1218 3194 1310 3271 bona
1342 3216 1422 3296 pars

245 3332 382 3413 tamen,
414 3322 476 3399 ubi
499 3321 605 3404 semel
626 3320 721 3396 labes
747 3320 944 3420 scripturae,
959 3320 1062 3397 certis
1086 3321 1224 3397 indiciis
1244 3331 1421 3423 comperta

244 3452 329 3541 erit,
359 3450 568 3528 (triticorum
589 3447 749 3523 acumine
769 3446 965 3533 sanabitur,
991 3445 1228 3545 damnumque
1243 3449 1418 3540 lectionis,

242 3588 430 3682 postquam
451 3577 545 3655 imus
565 3575 783 3650 librariorum
804 3573 956 3674 patebit,
981 3572 1145 3649 continuo
1166 3576 1339 3653 sarciatur.
1369 3579 1417 3654 -lu

231 3710 331 3798 ¹¹hane
365 3733 431 3807 ego
466 3704 599 3805 ingenii
622 3711 657 3778 et
679 3702 799 3778 indicii
824 3703 1031 3801 palaestram
1055 3701 1198 3777 iuvenes
1220 3703 1417 3803 ingeniosos

240 3845 279 3914 et
294 3836 422 3912 indolis
440 3832 665 3934 generosioris
683 3857 802 3907 vocare
822 3854 893 3907 non
916 3831 1087 3920 desinam,
1109 3840 1145 3907 et
1165 3833 1256 3911 dabo
1275 3861 1414 3935 operam

243 3973 282 4040 ut
306 3988 428 4040 omnes
450 3961 647 4061 intelligant
668 3960 918 4058 interpretandi
938 3960 1138 4035 fucultatem
1159 3968 1194 4034 et
1216 3988 1321 4047 usum
1337 3966 1413 4041 sine

242 4093 303 4169 hac
320 4090 530 4169 emendandi
545 4089 695 4176 sollertia
712 4087 863 4165 debilem
881 4094 918 4163 et
933 4112 1096 4193 mancum
1116 4114 1207 4177 ease,
1228 4099 1263 4165 et
1280 4093 1410 4190 passim

240 4245 351 4322 nugas
381 4244 483 4318 agere
515 4219 763 4316 Interpretem,
795 4215 864 4294 nisi
884 4216 1202 4315 interpretationem
1227 4222 1411 4297 emendata

239 4348 336 4426 lectio
358 4346 552 4448 praecedat.
592 4344 761 4420 Nondum
783 4344 937 4443 poenitet
962 4369 1101 4443 operae:
1125 4345 1238 4432 estin
1263 4352 1408 4451 popula.

239 4480 333 4557 ribus
356 4476 484 4554 nostris
508 4475 647 4575 egregia
669 4475 715 4551 ad
742 4474 907 4560 Criticam
929 4482 1039 4551 artem
1060 4475 1215 4565 indoles,
1310 4494 1313 4499 '

404 4607 509 4683 otuu
532 4630 630 4699 σφιν
654 4603 824 4694 ἐξίτηλον
849 4599 952 4699 αἷμα
977 4601 1206 4701 δαιμόνων,
1327 4684 1330 4690 ,

238 4735 287 4813 sel
300 4735 431 4837 ,potius
454 4741 531 4812 τῶν
559 4733 972 4833 &memoratissimum
1003 4735 1066 4833 qui
1091 4733 1326 4815 otujnacc
1349 4759 1408 4831 ge-

235 4863 536 4941 nerestudioru'm
561 4863 792 4964 principatum
813 4870 1018 4952 tenuemmt3
1047 4862 1139 4943 tuest
1162 4857 1338 4944 indelessa
1356 4863 1407 4941 iu·
