3309 5750
798 624 863 689 199

243 823 374 903 δθξνταο
400 832 433 889 et
454 816 535 892 θνοοος
557 816 689 884 ἔσονται
709 817 863 905 obfidem
880 825 1028 883 sermm
1047 818 1314 887 membranarum
1339 820 1430 890 bene.

244 930 365 997 Graeca
385 950 452 995 esse
472 923 683 1003 ridebuntur,
709 934 778 988 tum
797 922 928 989 demum
949 925 1012 991 cirri
1033 930 1093 989 τῶν
1115 927 1186 991 θεῶν
1211 928 1347 1004 δέδοται,
1369 930 1423 995 λθ-

242 1059 292 1115 νοο
317 1036 477 1115 ἐγίγνοντο
504 1033 567 1096 ἀπὸ
598 1036 658 1095 τῶν
685 1029 868 1110 συμμάχων
897 1041 929 1094 ct
951 1028 1020 1094 sim.
1041 1041 1126 1095 recte
1150 1029 1214 1095 dici
1235 1033 1422 1114 credentur,

243 1152 275 1206 et
294 1141 360 1207 θοοθ
375 1163 433 1231 pro
451 1137 510 1204 θπθ
530 1160 604 1203 cum
622 1135 753 1226 passivis
770 1136 998 1226 coniungetur,
1020 1149 1052 1203 et
1065 1138 1285 1228 praedatore
1303 1140 1423 1207 Graece

242 1248 367 1315 dicetur
394 1249 458 1314 οὶνοθ
478 1245 582 1321 λθπνς
608 1256 640 1310 et
667 1244 828 1335 vulgatam
848 1244 1024 1310 lectionem
1044 1244 1277 1313 Luc1sn1sine
1298 1247 1423 1313 ratione

239 1356 421 1422 convellere
438 1352 577 1419 voluisse
598 1351 742 1418 videbor.
790 1349 828 1415 In
853 1353 871 1436 §
892 1354 946 1416 20.
967 1351 1114 1433 μάρτυρα
1139 1354 1213 1432 ὑμῖν
1233 1354 1422 1434 ὀοαραςθοο-

241 1486 322 1541 μαι,
357 1458 492 1525 emenda
522 1459 776 1538 παρασχήσομαι
806 1467 838 1521 et
863 1456 953 1522 brevi
979 1468 1052 1547 post
1074 1457 1129 1523 καθ
1151 1460 1178 1524 οἱ
1201 1458 1342 1524 πείθεσθε
1361 1479 1422 1549 pro

241 1567 397 1631 πείσεσθε.
448 1562 486 1627 ln
505 1565 524 1647 §
544 1564 596 1627 23.
615 1561 649 1626 in
669 1560 759 1626 libris
777 1574 825 1626 est
846 1562 978 1627 λαθθντε
993 1562 1035 1627 τα
1053 1563 1208 1640 βασίλεια
1226 1563 1280 1627 καὶ
1300 1578 1420 1644 νοαρελ·
1494 1650 1532 1658 .⁴

241 1672 344 1742 θθντε,
381 1691 463 1759 quae
494 1665 664 1732 riolentius
692 1666 857 1756 castigavit
880 1667 1115 1746 Fnrrzscnrns,
1140 1690 1237 1758 quem
1256 1667 1420 1735 llmnorsr.

242 1787 275 1840 et
303 1775 451 1843 Bruxtn.
485 1785 681 1863 sequuntur,
712 1773 901 1853 παρελθόντε
934 1775 975 1838 rol
1005 1774 1161 1853 βασίλεια
1192 1774 1246 1839 καὶ
1276 1775 1419 1840 λαθθντε.

239 1879 275 1946 Si
304 1882 500 1963 παρνλθέτνν
520 1880 562 1944 τα
585 1878 742 1957 βασίλεια
767 1902 832 1945 non
856 1892 1033 1971 potuerunt
1052 1880 1138 1947 intus
1158 1880 1347 1970 Aegisthum
1368 1878 1421 1944 in·

241 1987 403 2066 terlicere,
426 1984 558 2075 legerim
582 1982 707 2049 λαθθντ’
731 1985 762 2056 ἐς
786 1986 828 2051 rol
853 1987 1008 2066 βασίλεια
1032 1987 1233 2068 παρελθόντε.

287 2092 324 2158 ln
346 2093 534 2159 Macrobiis
555 2095 614 2168 62,
635 2094 665 2155 2.
688 2092 731 2164 εἷς
755 2093 894 2158 ον’ννοοαν
915 2089 1003 2170 ἦλθον
1023 2105 1087 2159 tarn
1105 2094 1213 2184 inepte
1230 2094 1356 2159 dictum
1373 2105 1421 2160 ost

241 2219 279 2263 ac
301 2198 327 2263 si
348 2197 419 2287 quis
439 2198 473 2261 in
498 2193 730 2283 Cyropoediae
750 2198 916 2285 prooemio
936 2197 1075 2263 scribere
1096 2197 1194 2262 vellet
1214 2197 1336 2263 rdrroroi
1352 2200 1420 2266 ποθ’

238 2304 315 2381 ἡμῖν
339 2302 474 2381 ἐγένετο.
526 2301 644 2365 Verum
670 2311 718 2363 est
748 2303 790 2373 εἰς
816 2299 942 2366 ἔννοιαν.
991 2300 1030 2367 In
1059 2299 1234 2367 codicibus
1259 2306 1290 2368 ἐν
1311 2314 1343 2368 et
1363 2304 1419 2370 σθν

238 2419 305 2472 tarn
334 2407 432 2472 simili
462 2406 565 2473 forma
596 2416 686 2483 sunt,
720 2416 756 2469 ut
786 2405 922 2471 subinde
949 2406 1049 2471 oculis
1075 2406 1213 2473 discerni
1234 2430 1298 2472 non
1320 2409 1420 2499 possit

238 2523 348 2578 utrum
369 2538 384 2577 s
406 2535 445 2577 un
464 2536 502 2576 σν
524 2511 564 2576 sit
585 2509 768 2601 legendum.
816 2509 855 2576 ln
875 2510 1020 2578 Srorsm
1042 2513 1164 2580 Floril.
1185 2512 1270 2581 XVI.
1290 2517 1323 2580 6.
1347 2536 1419 2579 rer·

239 2639 292 2683 sus
316 2630 364 2684 est
388 2619 580 2685 llunrrrnrs:

484 2727 596 2812 reiron
620 2720 730 2804 νομίζω
755 2720 813 2789 κθον
838 2724 909 2788 θεῶν
933 2728 1034 2790 ονλοῖν
1057 2724 1168 2806 βρέτη.

241 2839 277 2894 ut
308 2827 342 2893 in
376 2827 542 2898 Anscflrtl
567 2829 690 2895 Persis
720 2832 795 2896 809.
830 2833 864 2896 orl
885 2834 956 2898 θεῶν
982 2833 1078 2915 βρέτη
1108 2834 1264 2899 Ἠοθοῦντο
1299 2836 1416 2908 ονλοῖν,

240 2934 381 3027 optimus
399 2938 545 3004 Sturam
564 2935 672 3004 (lodex
695 2937 732 3004 d.
761 2941 838 3003 ἐλθν
860 2938 957 3019 βρέτη
977 2940 1126 3020 exhibet3
1146 2952 1258 3006 contra
1276 2940 1310 3005 in
1330 2939 1419 3005 Pnu-

240 3060 368 3110 ranem
399 3038 550 3133 Lycurgo
579 3048 611 3109 l.
647 3044 721 3109 libri
751 3065 862 3110 omncs
890 3057 1017 3111 serrant
1047 3046 1216 3113 ridiculam
1236 3045 1418 3112 lectionem

240 3151 313 3223 Δοθς
339 3151 509 3216 ονλλανθον
532 3150 588 3227 καὶ,
609 3151 742 3225 Ἀθηναῖο
762 3147 937 3224 ονλλανθας
966 3175 1026 3243 pro
1054 3153 1222 3217 Ἑλλανίου
1245 3164 1277 3216 et
1297 3156 1418 3216 Ἑλλα-

239 3255 319 3328 νίας.
369 3254 404 3321 si
431 3257 482 3322 rel
512 3257 544 3319 in
574 3255 641 3320 istis
662 3255 847 3320 caecutiunt
866 3255 1007 3336 librarii,
1038 3256 1117 3347 quid
1137 3257 1250 3322 fecisse
1268 3269 1362 3347 putas
1384 3257 1418 3321 in

240 3359 506 3440 ἐγκαλύπτομαι,
525 3383 666 3450 proquo
683 3361 814 3425 seriores
828 3361 1100 3440 denuntiarentur
1118 3360 1284 3441 dicebant,
1301 3374 1333 3427 et
1350 3361 1419 3427 sim.

239 3462 349 3531 Nostri
373 3466 496 3556 ubique
517 3477 565 3531 est
589 3465 712 3530 arbitrii
732 3475 870 3529 statuere
890 3476 997 3530 utrum
1022 3467 1077 3530 σθν
1099 3488 1139 3531 nn
1161 3469 1192 3533 ἐν
1215 3467 1254 3531 sit
1275 3468 1442 3560 scriben-¹

240 3566 338 3651 (lum,
371 3571 462 3637 cuius
493 3572 537 3638 rei
566 3572 710 3662 erempls
741 3570 806 3635 ulio
837 3570 910 3636 loco
939 3594 1132 3661 expromam.
1179 3571 1218 3637 In
1240 3577 1257 3659 §
1279 3577 1309 3639 6.
1333 3573 1419 3638 κατα

239 3673 350 3740 tricor
374 3677 430 3749 τὴν
458 3683 519 3755 νῆν
549 3696 696 3767 expungo
725 3677 908 3742 articulum.
954 3676 992 3741 ln
1024 3679 1042 3762 §
1068 3681 1117 3743 10.
1138 3674 1421 3746 ¹commemoratur

241 3768 420 3860 Δνμήτροος
440 3781 454 3844 θ
481 3783 719 3856 Καλλατιανός,
737 3783 864 3873 ¹quide
882 3806 956 3874 rege
974 3782 1125 3850 Hrunott
1146 3787 1277 3878 scripsit.
1303 3787 1420 3854 Fuerat

239 3883 352 3948 οἴκοθεν
377 3886 391 3948 i
414 3886 555 3968 μοθρτος,
586 3889 641 3954 sed
660 3912 735 3955 eurn
757 3891 880 3956 librarii
902 3903 935 3956 et
954 3890 1092 3956 editores
1112 3892 1214 3982 patria
1235 3891 1345 3959 Sicilia
1365 3916 1420 3960 ex-

238 3987 369 4081 pulsum
388 3991 422 4057 in
441 4014 526 4059 oram
547 3995 643 4062 Ponti
663 3997 857 4087 relegarunt.
905 3996 944 4062 ln
964 3996 1113 4062 omnibus
1129 3997 1220 4063 libris
1237 4011 1284 4064 cst
1305 4015 1419 4066 καλλο-

237 4096 361 4171 ςιαονς,
379 4097 488 4186 inqua
505 4099 661 4190 scriptura
675 4087 1005 4170 rmnnr'cTrANoc
1016 4102 1095 4168 taret
1106 4113 1420 4176 rananrrnnoc

238 4200 292 4268 rel
319 4201 435 4267 melius
463 4213 677 4285 Καλακτῖνος,
711 4208 825 4273 iterum
847 4209 988 4274 confusis
1009 4220 1035 4274 K
1055 4221 1088 4275 et
1108 4219 1159 4275 IC.
1209 4211 1286 4277 Erat
1300 4214 1420 4280 llant-

241 4309 422 4410 1tt1nssirri
447 4317 555 4384 Καλῆς
582 4313 717 4386 'Ausim
745 4311 906 4381 (laucraro
928 4314 1047 4380 rhetori
1066 4315 1247 4406 popularis,
1270 4319 1304 4383 in
1329 4323 1420 4387 cuius

203 4424 211 4430 '
237 4412 343 4506 p'atria
363 4413 476 4480 eodem
497 4414 596 4481 modo
618 4418 748 4484 turbant
765 4420 888 4485 librarii
907 4422 1107 4487 Καλατοανθν
1127 4422 1178 4486 rel
1197 4426 1419 4491 Καλλατιανόν

238 4522 449 4615 appellantes.
485 4521 557 4587 Vid.
587 4520 721 4590 Somno
750 4550 777 4592 r.
799 4527 971 4600 Καοκθλοος.
1020 4524 1058 4591 In
1085 4530 1103 4612 §
1126 4530 1176 4594 15.
1207 4531 1270 4595 sieri
1294 4532 1419 4596 Σκυθῶν

238 4629 416 4711 καταχθείς
444 4631 515 4714 et§
541 4633 590 4696 16.
614 4633 791 4715 καταχθεὶς
820 4634 884 4700 cirri
910 4633 1055 4715 Πάρθων,
1088 4636 1264 4727 utrobique
1286 4635 1347 4701 ὑνοθ
1368 4658 1420 4702 re·

237 4731 387 4824 quiritur
418 4734 456 4799 ln
478 4736 496 4820 §
520 4738 576 4803 17:
594 4737 792 4820 ἱππομθχων
815 4739 869 4804 καὶ
895 4738 1088 4822 πεζομάχον
1109 4765 1231 4833 repone
1251 4742 1420 4835 partieipia

1470 1008 1489 1053 0
