3309 5750
866 616 908 680 58

309 804 429 897 (αὐτὸς)
452 810 517 878 τοῖς
552 804 639 876 θεοῖς.
675 799 699 890 S
725 805 757 866 θ..
786 806 839 867 νῦν
872 800 904 867 δὲ
922 799 1053 882 ὀῖγροθι
1086 798 1139 865 καί
1170 800 1351 882 γεοργίαντ
1388 800 1503 891 supple

311 912 426 993 νῖγροὺι
445 909 498 999 (μί
516 909 540 996 ).

355 1017 460 1106 Epist.
487 1020 538 1081 17.
561 1014 845 1091 κατανισιμνίσασαε
872 1011 1035 1077 sincerum
1054 1017 1103 1076 est
1125 1014 1392 1091 κατακοιμίσασα.
1423 1013 1500 1094 §E

310 1122 534 1206 προσλαβοῦσα
557 1117 743 1200 οῖπελεθσρε
777 1116 893 1183 scribis
916 1116 1051 1183 debetur
1075 1136 1147 1183 sero
1170 1118 1256 1183 natis
1282 1136 1339 1206 pro
1361 1133 1502 1201 προσλα-

312 1230 404 1309 ticis?
424 1226 512 1293 ἄπει.
558 1249 561 1256 ·
1440 1282 1442 1285 ,

310 1331 314 1336 ’
354 1333 457 1422 Epist.
484 1335 537 1397 ts.
572 1328 700 1408 γενέσια
726 1325 894 1409 ἑορτθζωνε
927 1325 1147 1413 digladiantur
1181 1329 1324 1395 intense
1353 1330 1503 1416 Magistri

309 1448 422 1506 utrum
444 1436 575 1517 γενέσια
596 1433 704 1500 diuers
722 1433 774 1498 ius
800 1434 844 1497 sit
873 1431 932 1498 nen
957 1453 997 1499 ne
1023 1454 1081 1521 pro
1103 1433 1250 1511 γενέθλια
1272 1434 1323 1500 vel
1346 1435 1504 1514 γενέθλιος

310 1544 420 1625 ἡμέρα.
466 1542 578 1627 Negat,
595 1540 789 1605 Pnnrmonos
813 1561 846 1627 p.
873 1543 936 1604 105
956 1545 1069 1604 contra
1091 1558 1187 1623 quem
1211 1538 1358 1624 adsurgit
1380 1541 1503 1608 Antict-

310 1650 411 1715 tioisto
434 1648 569 1712 Bnnsnm
594 1668 624 1733 p.
652 1648 716 1720 86,
748 1647 802 1710 20.
852 1642 1036 1709 Secundum
1062 1642 1260 1709 Pnermcnun
1278 1644 1408 1712 videtur
1429 1668 1503 1737 pro.

309 1752 544 1819 nuntiandum:
565 1748 653 1815 aliud
673 1748 775 1815 estin
797 1745 911 1813 iisdem
937 1747 1043 1814 verbis
1068 1748 1388 1837 reprehendendum:
1412 1753 1501 1832 γενέ·

310 1862 382 1925 θλια
405 1850 484 1923 θθειν
505 1854 600 1921 Attici
620 1853 751 1931 dicunt,
775 1861 807 1919 ot
827 1852 979 1935 ἑορτάζειν
1001 1852 1192 1932 Atticistae,
1216 1854 1301 1921 unde
1328 1856 1418 1923 fraus
1447 1858 1502 1926 de·

308 1961 520 2053 prehenditur
538 1961 572 2026 in
597 1960 745 2025 Petronis
761 1959 817 2045 qui
840 1958 945 2024 fertur
968 1956 1170 2025 Alcibiadl.
1194 1984 1224 2049 p.
1251 1966 1312 2029 tet
1338 1963 1376 2029 n.
1399 1965 1503 2050 ταθπγ

307 2079 348 2153 τῇ
371 2068 471 2152 ἡμέρα
496 2066 654 2147 βασιλέως
677 2065 822 2144 γενέθλια
850 2061 966 2131 θίπασα
994 2063 1057 2129 θιίει
1078 2064 1143 2151 [καί
1167 2064 1315 2156 ἐορτοίζει]
1342 2072 1360 2145 ἦ
1384 2071 1502 2149 Ἀσία,

310 2174 365 2240 ubi
389 2173 441 2238 καὶ
461 2172 595 2254 ἑορτάζει
620 2171 737 2247 sciolo,
762 2171 817 2255 qui
842 2169 1032 2258 adscripsit,
1054 2169 1263 2239 reddendum.

318 2327 320 2332 -
353 2280 456 2368 Epist.
478 2281 529 2343 19.
554 2276 578 2365 S
596 2282 627 2344 5.
652 2277 695 2351 εἰς
715 2277 749 2341 σὲ
767 2275 971 2354 βαδιοῦνται
992 2296 1056 2341 non
1080 2278 1242 2344 nesciebat
1261 2278 1434 2346 Ancirnnon
1456 2284 1500 2357 εῖς

309 2390 363 2452 τοῦ
393 2384 544 2449 Graecum
566 2403 647 2450 esse.

355 2491 460 2579 Epist.
474 2493 527 2555 20.
552 2492 576 2573 S
599 2492 630 2553 l.
654 2486 689 2564 ἐξ
709 2488 881 2568 θΦθαλμνῖν
904 2489 1016 2555 ἐποίεις
1037 2507 1096 2577 pru
1126 2490 1268 2553 ἐποιεῖτο.

353 2596 457 2684 Epist.
488 2598 543 2661 21.
578 2594 677 2675 ἔχοντ
702 2593 823 2660 Attinas
851 2592 1021 2659 omisisset.
1056 2594 1129 2674 §b
1155 2591 1224 2673 πρίν
1246 2592 1306 2667 τοῖς
1326 2595 1414 2677 παρὰ
1445 2602 1500 2663 τοῦ

310 2702 404 2768 λύκου
435 2701 523 2774 δίκας
551 2696 798 2779 είσπροίξασθαιτ
834 2698 992 2763 articulus
1014 2698 1074 2771 τοῖς·
1110 2697 1223 2762 vitiose
1250 2698 1407 2777 abundat,
1429 2721 1500 2769 eae·

311 2816 416 2875 terunt
441 2804 638 2870 Atheniensis
664 2803 797 2868 dixisset
814 2804 884 2886 πρὶν
907 2804 995 2884 παρὰ
1015 2807 1070 2868 τοῦ
1090 2802 1186 2867 λύκου
1210 2803 1293 2879 δίκην
1316 2806 1443 2884 λαβεῖν.

356 2913 458 3000 Epist.
475 2915 527 2975 bb.
562 2907 733 2987 ἐπολέμουν
753 2909 813 2982 τοῖς
833 2908 985 2992 ςαφνλσίς
1007 2908 1114 2974 dicere
1136 2929 1195 2997 pro
1219 2911 1420 2988 ἐλυμαίνοντο
1443 2932 1501 3002 pu·

309 3017 381 3083 tida-
394 3023 443 3083 est
454 3015 640 3100 sequiorem
655 3014 855 3095 θκνρολογία.
879 3015 1090 3081 Accusativus
1110 3017 1208 3079 etiam
1229 3017 1307 3081 vitio
1320 3017 1406 3105 apud
1423 3019 1503 3086 istos

311 3123 457 3187 invectus
480 3128 540 3186 est.
571 3120 633 3185 Per
655 3118 762 3185 iocum
785 3120 892 3209 potuit
909 3120 1133 3185 Anrsroamnns
1153 3119 1260 3186 dicere
1281 3122 1312 3186 in
1334 3122 1417 3189 Pace
1435 3130 1503 3190 740

311 3234 375 3302 τοῖς
399 3225 536 3309 Φθειρσίν
558 3229 788 3303 πολεμοῦντες,
821 3235 854 3292 et
875 3244 968 3315 saepe
995 3225 1116 3291 dicitnr
1138 3246 1196 3313 pro
1217 3231 1304 3313 serre
1330 3248 1390 3293 νυνι
1410 3252 1502 3317 posse

311 3343 340 3400 st
362 3331 529 3409 insectari,
563 3329 620 3397 sod
649 3329 730 3395 nibil
751 3329 867 3398 horum
896 3339 1028 3398 excusat
1048 3330 1131 3397 banc
1158 3332 1319 3398 scribendi
1339 3334 1501 3422 negligent·

313 3440 402 3505 tiam.
428 3476 471 3491 -
496 3437 556 3511 τοῖς
579 3441 681 3519 ῥνῖγας
707 3435 856 3507 ἕνοπτονε
874 3437 1060 3524 vulpeculae
1087 3458 1165 3504 uvas
1188 3459 1250 3502 non
1276 3438 1425 3517 ἔκοπτον,
1447 3441 1504 3507 sed

314 3545 478 3611 habentius
501 3541 660 3617 ἕκαστον,
696 3544 820 3629 opinor.
866 3543 1019 3609 Recurrit
1042 3542 1177 3608 ἕκαστον
1201 3544 1255 3609 lll.
1281 3548 1334 3610 60.
1357 3549 1388 3611 e.
1424 3547 1505 3627 §b-

313 3648 443 3722 πνυιοθςε
468 3648 537 3732 lege
560 3648 684 3722 πυκνθς.
718 3686 764 3698 —-
792 3647 968 3723 σααιίτντα
1000 3647 1132 3727 τρίπου;
1158 3657 1281 3714 veteres
1300 3649 1428 3730 τρόπον.
1459 3688 1505 3704 -·-

317 3754 368 3819 ἐπὶ
392 3754 463 3826 τοὺς
493 3750 601 3817 ἕνδεκα
631 3754 785 3831 οέγαγιίνε
810 3761 988 3840 perpetuus
1018 3758 1067 3816 est
1094 3751 1128 3816 in
1161 3753 1279 3818 talibus
1309 3774 1388 3820 usus
1418 3776 1504 3822 com·

315 3859 414 3947 positi
433 3859 628 3936 ἐπαγαγών.
651 3858 676 3938 §
696 3863 729 3923 5.
753 3855 893 3939 σ’ίθυρμαε
917 3863 1030 3945 poetae
1055 3856 1236 3924 subtectum
1260 3880 1319 3948 pro
1341 3863 1504 3941 παίγνιον;

315 3961 464 4044 προσννίς
486 3960 565 4047 quid
588 3961 633 4027 sit
654 3962 693 4025 in
720 3960 779 4025 tali
809 3981 845 4028 re
867 3982 929 4027 non
953 3963 1121 4050 perspicio.
1146 4001 1192 4015 -
1214 3965 1337 4046 νενρίνε
1374 3966 1505 4034 lectoris

316 4088 381 4133 non
398 4066 570 4132 admodum
594 4067 682 4132 acuti
715 4066 982 4134 additamentum.
1014 4065 1038 4155 S
1067 4073 1099 4132 4.
1131 4072 1176 4147 μὲν
1201 4073 1309 4136 παθεῖν
1338 4073 1505 4152 νῖναμίνειν

316 4173 406 4241 ἀλλὰ
440 4173 497 4255 πρὸ
526 4178 580 4238 τοῦ
605 4175 715 4241 παθεῖν
753 4172 980 4258 Φυλοίξασθαιε
1013 4172 1125 4259 supple
1153 4176 1197 4254 ul
1221 4177 1256 4241 τὸ
1286 4179 1395 4243 παθεῖν
1427 4181 1504 4246 ἀνοι-

315 4280 428 4360 ριθννιν.
1184 4280 1185 4283 ’

360 4384 462 4469 Epist.
483 4385 536 4446 25.
566 4380 629 4464 ἕχον
660 4380 729 4450 cdv:
754 4384 880 4468 corrige
906 4382 987 4465 ἔχων
1006 4382 1056 4451 οὖν
1079 4394 1112 4451 et
1140 4386 1172 4450 in
1195 4407 1282 4473 seqq.
1312 4395 1429 4471 πρῶτον
1445 4391 1504 4470 pto

316 4498 379 4564 τοῖς
409 4492 484 4562 θεοῖο
511 4487 711 4570 οῖπνρξσίμνν.
747 4489 818 4578 §E
844 4491 887 4562 είς
911 4491 1009 4556 νέατοι
1029 4491 1060 4555 δὲ
1083 4490 1204 4571 dixero:
1230 4491 1299 4579 lege
1318 4495 1502 4577 προσδέχου.

315 4592 518 4684 imperativis
541 4595 698 4680 optativos
725 4595 922 4662 substituere
944 4595 1120 4663 Poetastris
1141 4598 1282 4665 solemne
1302 4608 1370 4679 est,
1393 4601 1501 4667 Nman·
