3309 5750
240 637 338 693 xvm

241 814 338 912 quod
370 811 532 910 expedire
570 811 699 887 scribae
729 836 800 886 non
826 822 987 911 possent,
1011 823 1053 888 nt
1074 816 1170 915 epnd
1189 816 1419 891 &senonen

239 945 270 1019 L
294 968 332 1043 p.
348 948 393 1030 4,
430 941 494 1016 ubi
524 941 652 1039 legitur
673 964 786 1016 nuno:
819 945 878 1027 εἰς
901 945 948 1019 ὃν
970 948 1040 1019 καὶ
1062 947 1104 1033 ἔξ
1122 936 1171 1021 οὗ
1190 946 1264 1031 τὰς
1286 944 1422 1033 δύσεις

238 1073 311 1149 καὶ
330 1072 404 1157 τάς
425 1070 620 1157 ἀνατολάς
639 1080 810 1145 ποιεῖται
831 1092 895 1168 pro
917 1085 1083 1147 ποιεῖται
1105 1075 1273 1164 elidens.
1302 1074 1421 1152 Quid·

239 1200 328 1298 quid
347 1199 456 1298 igion
477 1208 531 1273 est
551 1197 773 1285 huiusmodi,
798 1205 836 1271 et
854 1223 1045 1298 permagna
1064 1210 1118 1276 est
1140 1201 1279 1299 ubique
1288 1202 1416 1301 eopio,

238 1328 318 1426 qus
340 1352 510 1425 umquam
528 1326 728 1400 emendabit
748 1326 815 1399 nm
836 1327 885 1414 s,
912 1329 975 1426 qur
995 1328 1057 1402 <nu
1077 1338 1115 1403 et
1137 1330 1290 1403 mnium
1308 1329 1417 1404 neme
1478 1307 1479 1315 ‘

237 1461 450 1533 Graecorum
475 1479 584 1529 menn
605 1454 749 1552 scriptos
775 1454 908 1528 triverit
930 1463 993 1528 eut
1016 1456 1187 1530 Codicum
1211 1456 1323 1530 rioem
1347 1458 1415 1531 P·-

237 1585 484 1687 lneogrephicis
513 1582 811 1657 observationibus
842 1582 989 1657 aliorum
1015 1584 1253 1682 suppleverit?
1290 1587 1413 1662 Quen·

236 1726 317 1792 tum
347 1715 392 1787 sit
419 1714 457 1785 in
490 1738 533 1786 ee
555 1736 593 1785 re
616 1711 700 1783 boni
718 1710 899 1808 discipulis
920 1711 1008 1785 meis
1031 1712 1152 1785 sedulo
1174 1712 1413 1789 demonstrure

238 1843 331 1917 soleo
360 1848 396 1913 et
426 1840 491 1913 bne
522 1839 743 1937 potissimum
773 1839 819 1911 de
850 1864 956 1913 mirso
985 1840 1049 1913 hes
1080 1842 1211 1913 Variae
1233 1842 1414 1916 Lmtioncc
1462 1865 1466 1878 ’

238 1970 337 2069 coepi
355 1966 578 2042 conscribere
628 1967 772 2039 Institni
796 1967 881 2040 haee
906 1968 1059 2065 primum
1083 1969 1210 2067 scripte
1231 1970 1425 2057 mundare,

240 2107 283 2173 ut
302 2096 423 2172 amicis
446 2094 657 2193 quibusdem
687 2095 775 2167 meis
797 2102 938 2193 gratum
961 2095 1109 2169 iacerem
1131 2096 1356 2194 rogantibus,
1376 2106 1417 2171 ut

239 2226 308 2303 sibi
326 2224 460 2325 aliquid
479 2224 690 2321 impertirer,
712 2222 809 2322 quod
828 2224 865 2296 in
882 2224 1042 2297 Dierinm
1061 2224 1315 2323 Philologicum
1329 2227 1416 2300 reci·

237 2362 361 2457 petent
378 2355 425 2427 de
442 2354 627 2427 Musarum
646 2361 765 2425 matre¹
775 2351 995 2426 nominatum
1010 2361 1046 2425 et
1064 2354 1172 2426 etiem
1189 2353 1257 2426 elio
1274 2355 1416 2430 nomine

239 2483 376 2570 Musis,
401 2489 442 2555 ut
465 2480 604 2579 opinor,
635 2504 707 2554 non
733 2480 929 2577 ingratum:
958 2479 1084 2556 deinde
1105 2480 1238 2579 relique
1260 2481 1299 2553 in
1324 2481 1418 2556 dulei

238 2612 419 2686 Ferismm
453 2609 524 2681 otio
547 2607 683 2705 perfeci
735 2607 861 2705 Delegi
883 2606 997 2706 operis
1018 2608 1166 2681 formem
1191 2615 1227 2681 et
1247 2608 1417 2684 rationem

239 2736 459 2824 huiusmodi,
479 2744 521 2809 ut
545 2761 682 2834 possem
706 2735 800 2810 horis
825 2719 1015 2810 subsecivis
1036 2741 1092 2822 et,
1117 2736 1256 2834 siquid
1275 2737 1417 2814 dotetur

239 2866 320 2953 otii,
338 2871 374 2938 et
394 2866 645 2961 interrumpere
664 2863 769 2937 telum
793 2871 829 2937 et
850 2862 1037 2952 redordiri,
1061 2863 1160 2938 focile
1185 2865 1416 2942 intermittere

239 2996 442 3070 institutum
458 3014 565 3088 opus,
586 2999 623 3062 et
639 2990 686 3063 od
702 2989 770 3062 ulie
785 2991 947 3078 transire,
968 2998 1004 3064 et
1023 3017 1153 3066 novum
1167 3003 1416 3092 argumentum

239 3122 429 3220 attingere,
448 3125 490 3191 et
499 3115 654 3215 digredi,
680 3116 793 3192 sicubi
814 3118 1008 3208 videretur,
1032 3122 1263 3220 eproposito,
1284 3131 1322 3196 et
1340 3148 1414 3199 om-

238 3251 342 3337 nino,
365 3271 476 3345 quum
496 3244 602 3318 ritem
625 3252 699 3318 tem
722 3253 927 3343 occupatam
946 3255 982 3322 et
1000 3248 1186 3321 exercitum
1208 3252 1414 3326 muneribus

237 3374 457 3453 Amdemicis
501 3372 670 3460 habeam,
717 3372 866 3447 liberum
916 3383 954 3447 et
990 3376 1194 3474 expeditum
1241 3379 1415 3455 scribendi

237 3530 350 3606 genus
379 3502 482 3602 sequi
506 3500 663 3600 placuit,
699 3510 741 3575 ut
770 3501 815 3575 de
854 3502 961 3576 rebus
995 3504 1119 3578 diuet
1145 3506 1300 3581 multum
1324 3507 1410 3582 mihi

236 3635 321 3709 olim
351 3632 529 3730 perpensis
562 3653 641 3702 meo
664 3629 835 3702 arbitratu
853 3631 960 3704 etiem
984 3632 1103 3706 minus
1124 3633 1256 3709 otiosus
1276 3634 1411 3734 aliquid

238 3760 475 3860 scriptitarem.
525 3759 664 3831 Interea
689 3757 877 3831 Mnmnru
903 3760 1124 3841 Ancrcnson
1161 3770 1198 3834 et
1221 3762 1411 3842 Luemnue'

236 3890 424 3979 Bnrxnm,
439 3884 654 3982 prodierunt,
713 3885 809 3958 Usus
846 3910 926 3961 sum
963 3888 1029 3963 hec
1061 3891 1258 3981 occasione,
1301 3901 1341 3966 ut
1373 3893 1412 3968 in

236 4024 387 4110 utroque
408 4013 654 4100 ostenderem,
679 4012 766 4111 quid
786 4013 969 4091 interesset
988 4017 1079 4094 inter
1099 4019 1236 4094 Atticos
1257 4029 1295 4099 et
1308 3992 1412 4101 Atti.

237 4145 358 4229 cistas,
393 4148 429 4214 et
461 4141 658 4214 aliudesse
682 4139 1061 4234 'Arcaexcgc'scribere,
1086 4147 1182 4220 eliud
1209 4146 1415 4241 Ἀττικῶς,

237 4294 345 4370 quam
373 4293 449 4341 rem
481 4268 581 4342 affeci
610 4270 722 4369 megis
742 4296 849 4368 quam
873 4272 1020 4370 perfeci,
1044 4274 1127 4372 quis
1148 4299 1243 4350 nune
1264 4280 1412 4375 quidem

237 4400 322 4474 satis
352 4421 428 4471 esse
450 4398 563 4471 visum
582 4407 642 4474 est
663 4399 783 4498 paucis
806 4426 883 4478 rem
900 4402 1083 4487 ostendere
1106 4410 1143 4476 et
1167 4399 1412 4482 eliornm'stu·

237 4528 296 4602 die
322 4526 470 4600 excitare
493 4522 663 4624 imprimis
685 4528 899 4618 iuventutis,
924 4554 1014 4628 qnae
1038 4527 1124 4627 qnid
1152 4531 1198 4603 sit
1219 4525 1362 4608 rectum
1378 4544 1415 4609 et

237 4681 362 4730 senum
392 4662 428 4729 et
460 4652 641 4754 egregium
674 4655 726 4731 ite
760 4659 893 4756 optime
926 4658 1052 4732 sentire
1076 4665 1112 4734 et
1139 4659 1416 4738 animadvertere·

238 4785 340 4875 solet,
360 4784 396 4861 si=
413 4784 625 4883 compresis
649 4793 686 4860 et
706 4781 818 4885 eegris
840 4795 875 4861 et
897 4786 1029 4861 vitiosis
1044 4778 1322 4887 componuntur.
1369 4796 1417 4873 In·
