3309 5750
766 641 807 704 85

189 835 260 884 mae
286 835 400 882 omues
432 833 537 900 neque
567 815 718 901 autiquae
741 823 818 879 sunt
844 832 945 898 neque
975 812 1112 898 probae:
1145 812 1229 899 apud
1258 821 1383 881 retercs

187 942 309 1009 paucae
331 920 492 1008 quaedam
521 927 598 985 sunt
631 918 751 986 lormac
776 938 795 986 a
824 919 975 1004 perlectis
995 916 1171 996 derivatae,
1205 939 1316 986 omues
1346 921 1380 984 in

188 1029 230 1094 -θι
258 1035 413 1093 exeuntes
431 1023 543 1100 έπαθι,
578 1025 716 1100 τέθναθι,
745 1025 880 1104 βέβκθι,
909 1023 1056 1094 τέτλαθι,
1087 1023 1252 1105 κέκραχθι,
1276 1025 1382 1099 δέδιθι,

190 1130 268 1209 θσθι,
301 1133 428 1198 πέπισθι
453 1129 532 1219 (nou
551 1131 703 1196 πέπεισθι.
751 1130 901 1194 Acscnrc.
926 1129 1092 1194 Errmcnid.
1112 1134 1177 1196 598
1196 1149 1264 1215 sq.:

396 1238 528 1312 πέποιθ’,
548 1237 674 1318 άροιγάς
701 1236 781 1300 δ’ἐκ
804 1233 910 1316 τάφον
933 1235 1053 1314 πέμπει
1073 1237 1187 1315 πατήρ.

394 1342 526 1425 νεκροῖσί
548 1366 600 1407 ννν
622 1342 773 1406 πέπισθι
797 1339 919 1421 μητέρα
941 1341 1070 1405 κτανάν.

190 1448 325 1535 uulgata
344 1449 506 1534 scriptura
522 1446 624 1511 nihilo
639 1455 689 1512 est
709 1445 849 1510 deterior
868 1465 964 1530 quam
977 1442 1051 1510 εἶσθι
1069 1464 1127 1531 pro
1150 1444 1222 1535 iob)
1246 1444 1381 1526 άνωχθι,

192 1553 228 1618 iu
253 1552 375 1638 quibus
393 1551 538 1617 omuibus
559 1551 701 1637 reliquae
725 1571 878 1636 personae
903 1552 934 1614 in
958 1549 1137 1636 penultima
1156 1559 1247 1617 extra
1271 1571 1383 1639 synco-
1457 1559 1460 1566 '

195 1675 258 1743 peu
277 1657 420 1722 retinent
440 1656 577 1723 vocalem
590 1682 614 1722 οι
635 1677 673 1723 ex
698 1657 766 1742 ipsa
785 1664 901 1722 natura
926 1655 1036 1720 Gracci
1052 1657 1222 1722 sermonis.
1247 1656 1383 1737 Κεχηνέ-

194 1785 256 1840 τιν,
275 1761 447 1838 δεδοικέτιν,
471 1762 628 1838 έςήιιέπιο,
653 1761 838 1841 βεβηκέτω,
863 1761 982 1827 ἐοικέτω
1010 1767 1070 1826 cel.
1097 1771 1162 1826 taur
1187 1782 1283 1848 prava
1308 1768 1384 1828 sunt

190 1873 290 1953 atque
312 1869 341 1932 si
368 1868 440 1954 quis
462 1888 521 1953 pre
542 1867 665 1944 λεξάτω
690 1875 747 1932 aut
768 1866 906 1949 άρήξατε
931 1865 1022 1932 vellet
1044 1865 1163 1943 λεξέτο
1192 1867 1298 1934 dicere
1327 1874 1383 1932 aut

189 1969 333 2054 άρήξετε.
382 1972 474 2058 Apud
504 1972 677 2041 Graeculos
702 1974 794 2038 lictae
817 1980 894 2038 sunt
919 1971 1059 2046 formae,
1079 1992 1160 2057 quas
1185 1974 1275 2058 pareri
1299 1972 1384 2038 didi-

190 2078 318 2155 eimu8‚
338 2077 478 2162 τέτνΦε,
499 2078 662 2162 τετοφέτω
681 2081 746 2146 κτέ.
771 2079 847 2144 binc
868 2077 953 2144 labes
976 2075 1094 2142 Atticos
1115 2076 1235 2144 iniecit.
1260 2079 1296 2144 ln
1312 2079 1382 2144 Vea-

189 2182 239 2270 pic
260 2201 307 2248 rs.
328 2189 419 2251 415:

286 2283 399 2366 ὦγαθοί
404 2339 414 2367 ,
435 2290 471 2355 τδ
491 2293 617 2371 πρᾶγμ’
639 2292 801 2366 άκοθσατ’,
826 2290 916 2355 dnbio
932 2292 976 2369 μή
1001 2287 1236 2371 κεκράγετε,

196 2393 379 2478 nuperrime
401 2395 533 2461 demum
565 2405 694 2481 recepta
715 2405 763 2462 est
788 2396 949 2481 scriptura
973 2394 1092 2460 codicis
1120 2393 1306 2458 Rauennatis
1329 2421 1378 2461 κε-

191 2495 345 2580 κράγατε.
392 2499 428 2566 ln
448 2500 700 2566 Acbarnensidcc
720 2522 766 2566 vs.
791 2505 854 2566 155
876 2500 1006 2585 vulgata
1028 2499 1189 2584 scriptura
1211 2509 1302 2566 erut:

440 2608 529 2684 ὑμεῖς
551 2607 583 2671 δὲ
602 2607 809 2687 πρεσβεύεσθε
833 2604 884 2671 καὶ
909 2607 1120 2685 κεχήναπε,

189 2727 292 2795 quum
329 2710 501 2778 Ecuscurus
533 2731 699 2798 perperam
733 2714 884 2793 κεχήνετε
916 2710 1037 2795 recepit
1071 2707 1166 2794 idque
1201 2729 1302 2795 usque
1340 2711 1379 2778 ad

189 2813 349 2883 Bmcuruu
380 2817 581 2884 inveteravit..
639 2817 805 2884 Nesciebat
836 2816 1042 2884 haecomnia
1071 2815 1219 2881 Lucrinus
1250 2823 1280 2883 et
1306 2835 1380 2883 cum

189 2920 381 3007 aequalibus
401 2921 503 2988 credo'
521 2923 669 2989 omnibus
693 2925 819 2990 errabat
845 2922 1038 3008 dederatque
1057 2923 1238 3000 άαηκοέτω,
1260 2923 1293 2987 in
1317 2943 1381 3009 qua

191 3024 296 3091 lorma
319 3025 507 3119 gliscentem
542 3030 574 3095 in
600 3030 763 3096 codicibus
788 3029 889 3096 labem
920 3036 952 3095 et
975 3037 1193 3094 correctorum
1218 3029 1381 3095 temerita-

189 3138 257 3199 tem
281 3140 331 3198 est
351 3153 466 3218 operae
489 3136 627 3219 pretium
652 3155 852 3220 cognoscere.

235 3237 340 3319 Quam
364 3240 480 3323 vitiose
499 3239 607 3305 etlilur
629 3244 693 3317 66,
722 3244 775 3305 55.
811 3239 906 3314 οὐδεὶς
930 3239 993 3320 γάρ
1018 3240 1032 3303 θ
1061 3240 1378 3320 ἕναντιονθήσθμε·

192 3366 251 3419 νος
271 3347 347 3424 ήμῖν
371 3345 414 3410 τά
433 3342 539 3422 ὅταν,
556 3364 653 3432 quam
674 3365 771 3431 prope
790 3345 879 3410 abest
892 3364 966 3409 vera
997 3343 1092 3409 lectio
1115 3345 1241 3410 ἐναντία
1253 3344 1380 3425 θήσθμε·

195 3473 253 3525 νος.
298 3451 335 3517 ln
359 3449 468 3516 eodem
493 3449 560 3516 loco
577 3470 634 3536 pro
657 3449 869 3529 ἐπιβάντες
893 3450 944 3513 ε’πδ
966 3449 1025 3522 τάς
1049 3450 1174 3530 τριήρεις
1196 3467 1308 3514 vorum
1333 3459 1382 3517 est

191 3556 350 3637 έμβάντες
375 3557 407 3628 ές
426 3555 486 3629 τάς
510 3557 637 3636 τριήρεις
661 3575 733 3621 mox
758 3558 790 3619 in
815 3556 864 3620 τά
885 3561 983 3619 πλοῖα
1008 3554 1114 3635 διαρκή
1134 3573 1280 3639 expungo
1303 3555 1379 3621 arti·

190 3662 300 3729 culum
324 3669 355 3727 ct
381 3663 413 3726 iu
440 3662 499 3735 τάς
524 3660 660 3734 πόλεις
683 3662 863 3741 άτειχέςοος
885 3660 1040 3739 λαβόντες
1068 3657 1179 3743 supple
1198 3660 1378 3741 άτειχέςονς

188 3768 305 3842 οὑσαςι
330 3768 522 3850 insequenti
542 3765 714 3855 §dccccxci
735 3765 920 3847 έκάςῳέθνει
944 3764 1252 3846 ἐπεισαχθέντες
1279 3766 1381 3832 sensit

188 3874 353 3941 Bacurius
376 3871 506 3937 subesse
527 3874 643 3937 vitium
668 3881 699 3938 et
732 3872 955 3952 ἐπιταχθέντες
985 3872 1127 3958 recepit,
1157 3870 1212 3937 sed
1243 3891 1306 3936 non
1333 3872 1379 3938 ita

193 3978 304 4047 &acci
337 3976 515 4063 loquuntur
547 3977 601 4044 sed
621 3978 830 4052 inaceriam.
878 3977 967 4058 Quod
991 3977 1109 4063 legitur
1131 3983 1169 4054 o,
1195 3982 1247 4043 56.
1272 3983 1326 4045 σοῦ
1346 3979 1379 4045 δὲ

187 4090 286 4153 αὑτοῦ
321 4081 416 4165 χάριν
439 4102 534 4148 nemo
553 4083 679 4149 dicebat
701 4082 756 4149 sed
780 4086 835 4158 σήν
855 4085 880 4148 δ’
902 4086 1011 4150 αὐτοῦ.
1057 4082 1093 4148 Ιι]
1115 4089 1158 4158 8,
1179 4086 1220 4157 2,
1244 4087 1274 4148 δ.
1303 4085 1378 4150 reti·

189 4199 269 4259 nent
292 4190 409 4254 vitium
424 4237 433 4265 ‚
450 4188 534 4274 qued
557 4187 633 4254 alibi
657 4189 758 4276 perito
778 4188 996 4267 sustulerunt,
1024 4187 1198 4270 βατράχους
1221 4198 1260 4271 ap
1281 4189 1379 4275 μέτρα

187 4294 436 4375 άνειλκμμένος,
459 4302 491 4360 et
514 4293 566 4358 bic
588 4294 786 4374 άνειλήμένος
810 4301 878 4359 erat
904 4293 1129 4359 revocandum.
1155 4293 1271 4360 ibidem
1297 4294 1380 4363 male

188 4402 310 4489 legitur
332 4400 457 4465 ὑποδέου
476 4400 648 4481 χρυσίδας,
673 4420 788 4486 repone
811 4400 933 4465 ὑποδοὺ.
969 4399 1092 4464 Passim
1116 4399 1185 4465 sine
1206 4400 1284 4465 vitio
1300 4401 1379 4466 scri·

187 4506 280 4572 bitur
296 4504 518 4584 άναδοθμενος,
541 4506 757 4585 διαδοθμενος,
780 4506 971 4571 ὑποδοῦνται.
998 4503 1102 4569 Simili
1125 4504 1218 4570 mollo
1241 4510 1303 4579 55,
1328 4509 1378 4571 18.

189 4631 248 4697 pro
281 4609 490 4690 περιδέοντες,
523 4610 664 4677 rescribe
706 4611 917 4692 περιδοὺντες,
944 4612 1009 4682 ta,
1039 4613 1092 4674 58.
1128 4609 1287 4691 προσδοῦσι
1322 4627 1380 4694 pro

190 4716 377 4799 προσδέουσι.
425 4717 523 4782 Recte
548 4717 703 4801 scriptum
725 4725 774 4782 est
796 4717 957 4780 άνκδοῦντι
983 4722 1010 4782 et
1046 4715 1226 4780 ὑποδοῦνται
1248 4717 1311 4789 lii,
1338 4719 1377 4790 11
