3309 5750
570 1384 988 1521 cellarario.

700 1782 858 1791 ..α-..-

248 2072 384 2153 uNulla
403 2074 503 2151 facile
529 2072 585 2151 ars
610 2100 651 2150 ac
679 2071 863 2174 disciplina
886 2073 966 2174 plus
990 2072 1045 2151 val
1067 2076 1216 2152 invidiae
1238 2078 1292 2153 val
1315 2078 1368 2152 in·

195 2206 321 2282 lamiae
348 2205 501 2304 suscepit
522 2227 628 2303 quam
649 2228 739 2302 quae
763 2229 784 2277 a
807 2204 988 2302 primasio,
1012 2205 1109 2303 quod
1127 2205 1164 2282 in
1185 2205 1371 2279 iudicando

195 2334 368 2420 comitam,
401 2357 544 2406 munere
575 2312 703 2407 critica
733 2331 963 2431 appellatur.’'
1012 2335 1165 2410 Centum
1190 2334 1261 2407 iera
1286 2333 1370 2408 anni

199 2452 302 2549 sunt,
328 2484 373 2533 ex
398 2438 469 2557 quo
488 2459 733 2537 ueniamus
759 2462 814 2535 his
842 2462 956 2536 verbis
978 2463 1264 2538 Hnusraansan
1283 2465 1369 2536 Ele·

186 2593 282 2691 pium
311 2613 454 2662 exorsus
485 2594 557 2675 cst,
584 2588 732 2663 necdum
756 2591 860 2688 longa
887 2591 961 2664 dies
984 2616 1142 2689 perversa
1166 2590 1295 2664 iudicia
1324 2590 1369 2663 do

191 2726 266 2791 arta
302 2742 375 2790 una
404 2717 562 2791 omnium
591 2716 885 2814 praestantissima
915 2743 958 2791 cx
988 2718 1209 2817 popularium
1235 2723 1368 2791 nostro·

190 2871 271 2921 rum
289 2844 418 2920 'animia
445 2845 583 2921 exemit.
635 2845 846 2921 Etiamnunc
873 2872 961 2946 opus
985 2854 1039 2921 cst
1060 2847 1146 2935 illia,
1175 2845 1237 2945 qui
1264 2844 1367 2920 Criti-

191 2999 253 3048 cae
277 2972 482 3072 dignitatem
508 2983 543 3047 et
562 2973 709 3073 gloriam
729 2975 907 3049 vindicent
925 2983 981 3063 at,
1006 2983 1046 3049 ut
1069 2972 1219 3049 suaviter
1238 2975 1366 3048 Runa·

193 3124 328 3181 ulturus
348 3099 454 3190 dixit,
479 3104 702 3176 inreverentiam
736 3111 906 3176 tueantur.
953 3099 1165 3178 Etiamnunc
1183 3102 1366 3176 hominum

191 3230 276 3304 vitia
298 3230 343 3304 ad
366 3229 478 3327 ipsam
507 3237 618 3303 artam
644 3230 877 3304 traducuntur
906 3237 942 3302 et
970 3230 1100 3305 Critica
1127 3231 1232 3305 modo
1257 3237 1365 3322 teme·

190 3358 303 3433 ritatia
326 3366 362 3430 ct
382 3357 548 3430 audaciae
570 3365 703 3443 mater,
729 3357 834 3430 modo
861 3358 1045 3456 nugatoria
1069 3357 1279 3455 syllabarum
1303 3383 1365 3434 au·

191 3511 272 3586 ceps
307 3485 434 3559 dicitur
466 3492 504 3556 et
531 3483 690 3558 habetur.
742 3484 834 3556 Sunt
864 3484 925 3582 qui
949 3485 1158 3582 praeclaram
1182 3510 1255 3560 ram
1281 3486 1365 3561 iocis

191 3615 393 3711 facetiisque
425 3610 649 3685 ludificantur
679 3616 717 3683 et
746 3610 902 3684 criticam
929 3605 1129 3685 facultatem
1154 3611 1287 3686 urbana
1312 3612 1364 3685 di·

189 3743 333 3817 cacitate
353 3739 497 3814 eludant
520 3737 721 3814 strideant.
772 3737 888 3812 Facile
912 3737 1056 3813 ferimus
1078 3745 1113 3814 ct
1132 3762 1202 3813 non
1222 3738 1362 3838 illepide

189 3894 244 3944 res
279 3876 335 3944 est
361 3868 573 3942 adversarios
601 3866 728 3941 habere
759 3876 831 3941 tam
859 3866 1033 3942 ridiculos.
1083 3867 1156 3941 Alii
1180 3875 1295 3942 aetate
1326 3876 1362 3943 et

188 3998 330 4098 ingenio
357 3997 528 4096 graumm
554 3995 771 4094 ingeniosam
794 4020 869 4070 rem
894 4021 971 4070 assa
992 3992 1178 4093 opinantur
1205 4003 1242 4071 et
1255 3993 1360 4072 men·

186 4127 232 4201 tis
257 4127 483 4226 agitationem
509 4147 579 4198 non
607 4123 768 4233 inutilem
792 4124 932 4211 afferro,
966 4123 1028 4197 sed
1048 4117 1145 4196 ¹nilril
1168 4122 1264 4220 quod
1286 4146 1359 4196 cer·

182 4245 261 4330 tuni
293 4262 329 4329 ct
350 4255 565 4354 exploratum
593 4252 647 4325 sit·
668 4241 791 4350 parare
814 4268 934 4348 possa3
967 4250 1086 4347 itaque
1110 4256 1357 4323 ornamentum

183 4384 297 4483 magis
327 4391 363 4457 et
392 4373 684 4457 oblectamentum
715 4393 791 4453 asae
824 4374 1025 4453 hominibus
1057 4371 1197 4475 ingenii·
1217 4375 1356 4475 elegan·

181 4513 298 4599 tionis,
330 4501 449 4608 quam·
471 4498 635 4583 omnibus
657 4500 871 4606 praeclarum
898 4510 935 4579 at
957 4524 1101 4604 prorsus
1123 4504 1355 4578 necessarium

181 4629 384 4737 disciplinas
412 4636 615 4712 Litterariae
644 4633 859 4735 praesidium
889 4643 926 4706 at
949 4627 1209 4706 adimantum.
1242 4632 1356 4705 ΙΑὶίἰε

181 4758 335 4867 danique
363 4790 418 4839 res
447 4771 502 4841 est
528 4756 635 4865 plena
655 4755 852 4839 formidinis
874 4768 912 4835 at
935 4757 1160 4860 suspicionis,
1190 4759 1252 4857 qui
1279 4756 1354 4830 cri-

178 4894 285 4970 ticam
309 4905 431 4971 artem
463 4885 716 4993 pmpemodum
746 4892 918 4981 'oderunt
940 4886 1069 4965 ,omnia
1098 4883 1188 4986 quac
1215 4910 1295 4961 vara
1321 4895 1357 4961 at
