3309 5750
861 646 926 709 236

303 839 431 937 ineptus
447 841 584 932 scriptor
605 839 788 919 dunstane,
806 841 864 930 qui
883 838 1064 928 saepissime
1083 839 1126 905 ita
1140 838 1239 918 solet,
1257 838 1333 919 ride
1353 841 1489 907 omnino

306 947 481 1017 Varnsrnn
498 959 530 1012 et
552 945 841 1011 Hensrnnnnsrnn
858 944 895 1010 ll.
916 944 966 1022 ll„
986 942 1072 1009 unde
1091 943 1234 1034 pendent
1252 946 1385 1012 caeteri.
1421 946 1488 1012 Ad·

305 1058 379 1123 dom
394 1054 474 1120 duos
485 1053 587 1130 locos,
599 1075 735 1141 quorum
749 1052 884 1117 alterum
897 1049 1033 1114 editores
1044 1049 1348 1138 pessumdederunt,
1361 1051 1490 1117 librarii·

309 1165 457 1230 alterurn.
492 1160 530 1225 In
547 1160 765 1225 Mannrnonls
784 1158 964 1247 fragmento
980 1155 1065 1245 apud
1080 1154 1251 1221 Iosnrunn
1265 1162 1303 1221 in
1322 1154 1490 1247 Apionrmq

306 1270 331 1336 I.
351 1274 407 1335 26.
428 1266 552 1333 editur:
577 1268 603 1331 oi
626 1266 656 1332 δὲ
679 1273 858 1343 Σολυμῖται
883 1261 1087 1332 κατελθόντες
1111 1262 1166 1325 σὺν
1189 1269 1254 1333 τοῖς
1276 1272 1405 1343 μιαροῖς
1431 1267 1487 1327 τῶν

308 1373 493 1453 Αἰγυπτίων
519 1368 613 1441 οὕτως
639 1370 767 1440 οένοσόως
792 1375 858 1438 τοῖς
883 1365 1048 1444 ἀνθρώποις
1072 1366 1327 1445 προσηνέχθησαν
1350 1365 1415 1435 ciis-s
1436 1367 1489 1441 τῆν

306 1485 366 1545 τῶν
401 1475 622 1560 τροειρημένων
654 1471 1023 1555 κρότησινχειρόςην
1051 1469 1219 1550 φαίνεσθαι
1244 1480 1311 1542 τοῖς
1339 1470 1418 1536 τότε
1444 1469 1486 1535 rai

306 1584 422 1648 τούτων
452 1580 653 1657 αἶσεβῆματα
678 1578 848 1655 θεωμένοις.
897 1573 1044 1639 absurda
1064 1574 1383 1663 σοιὶρῑυσςχειρόςην
1410 1576 1487 1655 φαί-

307 1690 411 1753 νεσθαι
442 1685 690 1749 Hrvrnttrurlo
719 1681 872 1758 debetur,
907 1681 964 1769 qui
995 1680 1082 1770 quod
1114 1680 1147 1743 in
1175 1679 1265 1744 libris
1284 1690 1344 1744 est
1365 1682 1483 1760 -χρυσθν

279 1771 283 1785 i
307 1791 477 1874 φαίνεσθον
504 1790 537 1853 in
563 1787 650 1852 hunc
672 1787 804 1853 modum
823 1787 969 1852 correxit.
1004 1784 1187 1851 corrector!
1206 1808 1334 1875 prorsus
1357 1798 1489 1851 contra«

308 1898 391 1960 rium
419 1895 538 1959 invexit
568 1917 664 1983 quam
697 1893 785 1984 qnod
814 1892 952 1982 scriptor
977 1878 1107 1957 dederat
1137 1904 1168 1957 et
1195 1893 1421 1982 incorruptum
1446 1891 1485 1957 ad

308 2024 367 2067 nos
396 2011 595 2090 pervenerat.
653 1997 772 2065 Contra
802 2010 850 2064 est
878 1999 912 2063 in
943 1998 1100 2066 Dronrsro
1133 1998 1322 2065 thtcrntn
1354 1998 1410 2065 ΙΧ.
1441 2002 1489 2065 25

310 2109 388 2194 (τοῖς
428 2104 573 2191 ὑιιοότοις)
612 2105 625 2168 ό
663 2106 736 2186 πρὸς
769 2106 842 2176 τοὺς
875 2105 1045 2183 Τυρρηνοὺς
1078 2104 1214 2183 πόλεμος
1250 2105 1353 2170 καίτοι
1382 2105 1486 2185 μέγας

308 2212 360 2277 καὶ
386 2211 532 2293 χαλεπός
554 2210 592 2274 όον
613 2210 752 2289 χρηςδς
775 2207 922 2290 ἕφαθνιτο
943 2209 1031 2290 νεαροὶ
1053 2210 1106 2275 τόν
1122 2210 1206 2282 ἐντὸς
1229 2209 1356 2290 τείχους
1377 2212 1488 2290 ε’ξετιιυ

307 2316 451 2398 ζόμενος,
478 2314 537 2379 ubi
556 2315 671 2395 χρυσός
697 2312 845 2396 ἐφαίνετο
867 2313 1103 2380 emendandum
1123 2337 1190 2380 esse
1209 2337 1305 2379 nemo
1326 2317 1486 2407 ambiget,

308 2421 364 2511 qui
396 2422 446 2486 rel
476 2421 648 2487 Vinnsron
677 2419 848 2510 inspexerit
882 2419 931 2485 vel
962 2420 1260 2487 Hrnsrrnnnsrurr.
1293 2428 1434 2505 Χροσοῦς
1456 2436 1488 2489 et

304 2528 426 2609 -χρηςός
451 2528 484 2593 in
510 2528 603 2595 codd.
628 2528 771 2592 Lucrini
794 2526 927 2592 confusa
950 2539 1024 2591 sunt
1051 2530 1166 2605 19,.1.

354 2633 393 2698 In
405 2718 407 2721 Α
419 2631 573 2700 Chorene
587 2637 625 2699 12
637 2683 646 2713 ,
660 2637 709 2699 11.
731 2634 828 2707 δεινῆν
848 2655 920 2696 τινα
935 2632 1041 2710 λέγεις
1063 2637 1123 2696 τῶν
1138 2632 1299 2711 οὶνθρότων
1314 2636 1372 2707 τῆν
1386 2634 1489 2713 οέβελ·

310 2738 414 2818 τερόαν
438 2737 465 2804 οἳ
484 2745 628 2805 τοσοῦτον
647 2737 745 2819 ἔρωτα
772 2738 892 2817 ἐρῶσιν,
923 2736 993 2825 iege
1006 2738 1038 2801 -ri
1054 2741 1197 2800 τοσοῦτον
1217 2736 1259 2801 ci.
1275 2739 1295 2822 §
1320 2741 1373 2803 12.
1391 2751 1425 2803 et
1443 2740 1488 2804 sic

310 2842 424 2910 solent-
449 2844 482 2909 in
503 2850 520 2932 §
545 2846 593 2908 19.
615 2839 827 2922 ἕξερροόγησαν
850 2840 882 2904 in
904 2839 1110 2922 διερροέγησαν
1132 2840 1385 2922 emendandum,
1411 2843 1486 2910 hut·

309 2948 360 3014 lae
387 2971 452 3013 non
482 2955 658 3038 erumpunt
676 2944 730 3010 scd
752 2945 1029 3036 disrumpuntur:
1047 2956 1117 3010 tum
1135 2948 1241 3012 statim
1261 2948 1333 3038 lege
1353 2953 1435 3015 reiut
1460 2953 1486 3015 δ’

310 3048 360 3117 οὖν
384 3054 587 3134 διαρραγῆναι
613 3052 789 3127 αναγκαῖον
816 3072 876 3139 pro
899 3052 1126 3131 ἀπορραγῆναι.
1156 3073 1197 3117 ne
1218 3051 1345 3119 dubites
1364 3055 1488 3146 inspice

310 3159 397 3244 521.
419 3156 453 3232 ῆν
480 3155 532 3219 καὶ
555 3155 593 3218 σὺ
616 3155 775 3234 κεκραγὼς
801 3155 989 3237 διαρραγῆς,
1012 3154 1068 3219 ubi
1094 3159 1301 3249 perantiquus
1323 3159 1429 3227 Codex
1450 3163 1489 3229 B.

308 3262 501 3341 θναρραγῆις
532 3271 652 3337 serrat,
686 3258 773 3350 quod
796 3260 970 3325 absurdum
993 3273 1049 3326 est.
1098 3261 1199 3347 Quam
1221 3267 1316 3332 facile
1337 3280 1369 3332 et
1388 3288 1489 3358 quam

309 3388 403 3455 saepe
426 3367 452 3431 δι
472 3377 503 3432 et
524 3367 559 3444 ἐξ
578 3377 633 3431 ant
652 3377 877 3456 permutentur
895 3379 949 3431 ant
970 3367 1053 3432 maie
1072 3371 1267 3459 copulentur
1286 3396 1381 3462 snpra
1404 3372 1486 3438 indi-

310 3472 469 3536 carimus:
505 3494 599 3562 quem
628 3495 719 3537 usum
751 3471 846 3538 huius
874 3473 920 3537 rei
947 3472 1126 3541 observatio
1146 3478 1179 3542 in
1201 3478 1487 3546 Locutio-habeat

310 3568 398 3652 nunc
422 3579 532 3669 paucis
559 3577 723 3644 ostendam
769 3577 1025 3644 -Coninnduntnr
1058 3584 1117 3660 13,
1151 3587 1200 3648 14.
1225 3585 1432 3664 διηγουμένων
1454 3597 1488 3651 et

310 3682 540 3776 ἐξηγουμένων,
567 3694 602 3748 nt
629 3688 693 3762 32,
718 3687 771 3749 40.
795 3685 808 3748 ό
834 3686 929 3766 μηρός
953 3688 1049 3750 αὐτοῦ
1071 3694 1206 3768 χρυσοῦς
1227 3689 1436 3772 ε’ξεφοόνηοιῑ
1455 3693 1488 3757 in

311 3787 385 3868 Bc,
409 3788 541 3870 διεφόνη
556 3837 558 3840 ψ
572 3790 605 3855 in
635 3790 782 3855 caeteris:
813 3789 895 3854 iliud
921 3789 1077 3870 editores,
1107 3793 1169 3858 hoc
1191 3819 1250 3885 ego
1271 3796 1489 3885 praetulerim.

311 3891 388 3958 ibid.
411 3896 429 3977 §
448 3897 500 3958 61.
518 3894 770 3975 διεξελέγχουσα
790 3895 976 3959 incaeteris
993 3907 1059 3976 est,
1076 3898 1110 3962 in
1130 3922 1196 3965 uno
1208 3894 1246 3966 B.
1264 3903 1491 3984 διελέγχουσας

312 4009 451 4086 praestat
486 3999 617 4064 sortasse
650 3999 881 4080 ε’ξελέγχουσα.
912 4001 1028 4069 deinde
1057 4009 1118 4085 56,
1153 4009 1398 4081 6.-τιςεόοντας
1424 4018 1489 4082 τοῖς

312 4102 386 4181 τρδς
416 4103 451 4166 τό
475 4105 580 4186 μεῖζον
601 4103 702 4172 tuere
725 4105 941 4185 ἐξηγουμένοις
962 4110 1083 4200 corrige
1102 4113 1323 4193 διηγουμένοις.
1372 4114 1412 4181 In
1432 4120 1489 4194 59,

308 4211 366 4285 23.
387 4229 445 4295 pro
467 4208 605 4289 ἐξέρρηξε
624 4209 760 4300 pessime
780 4223 827 4276 est
848 4212 882 4276 in
901 4236 965 4278 nno
985 4215 1068 4283 libro
1089 4219 1241 4300 διέρρηξε,
1259 4232 1329 4286 tum
1349 4224 1412 4301 73,
1434 4225 1488 4291 22.

315 4309 602 4414 ridebisoptirnos
631 4315 729 4382 libros
757 4317 923 4384 dissentire
955 4320 989 4384 in
1020 4322 1187 4396 διελθόντος
1213 4336 1247 4390 et
1270 4326 1487 4404 διεξελθόντος.

312 4415 460 4506 lienique
492 4420 526 4484 in
556 4421 595 4485 V
592 4418 860 4490 eris'llr'sloriz‘s
888 4428 947 4504 26,
980 4431 1030 4493 15.
1057 4450 1116 4517 pro
1143 4430 1316 4509 προσέταξε
1341 4425 1488 4513 διυφῆναι

313 4521 437 4611 corrige
469 4524 658 4604 προσέταξεν
684 4527 862 4610 ἐξυφῆναι.’
896 4529 971 4615 In§
994 4536 1047 4599 21.
1068 4532 1220 4600 dicuntur
1238 4535 1333 4626 pauci
1354 4536 1488 4627 qnidam

313 4627 471 4720 sapientes
491 4630 878 4707 οέσοστοόσαντεςτιθν
899 4639 1024 4704 πολλῶν
1045 4643 1235 4719 καταγελόιν
1255 4647 1315 4707 τῶν
1335 4641 1488 4722 γιγνομέ-

314 4759 399 4814 νων,··
414 4723 550 4802 emenda
572 4723 770 4811 οὶτοςθόντεςὲ·
815 4783 818 4786 -
881 4752 892 4786 ἰ
1140 4736 1142 4741 ’
1340 4758 1345 4766 ·
1398 4740 1400 4745 ’
