3309 5750
753 664 791 726 91

171 841 273 929 cipiet
295 837 386 916 aiiis,
405 834 469 902 ciia
491 833 690 922 iaciatque,
710 833 947 902 emendandum
971 839 1032 902 erit
1059 843 1182 924 σκοτῷ
1202 843 1267 926 κύρ
1289 842 1366 928 etei

169 950 220 1016 δεῖ
233 944 453 1028 προσέχειν.
477 940 628 1006 Lucrinus
650 940 762 1027 utique
784 961 846 1006 non
870 961 906 1007 eo
931 942 1059 1027 ingenio
1080 955 1149 1012 erat
1175 957 1212 1014 ut
1234 949 1364 1017 dicendi

169 1059 276 1125 genus
304 1055 485 1116 sectaretur
503 1064 621 1111 novum
646 1053 676 1110 el
704 1046 789 1132 quod
813 1046 949 1134 probum
961 1045 1052 1114 'esset
1074 1069 1111 1115 ac
1132 1072 1247 1121 sanum
1278 1055 1369 1123 dese·

175 1165 281 1233 reret,
304 1155 383 1242 quia
414 1152 534 1219 caeleri
550 1170 661 1217 omnes
685 1160 909 1238 sequerentur,
960 1147 1039 1235 Quis
1062 1163 1231 1237 nostrum,
1250 1161 1365 1246 quiac·

170 1271 285 1328 curate
320 1256 659 1335 Graece-didicimus,
695 1259 877 1344 scripsisset
900 1259 1171 1346 quemadmodum
1209 1266 1368 1351 scriptum

171 1375 222 1434 est
239 1373 298 1443 ⁵10,
325 1370 379 1432 55.
402 1366 476 1449 πρὸς
501 1363 564 1445 ydor
592 1364 636 1444 τῷ
659 1366 828 1445 χρησοὺς
857 1365 909 1429 xxi
933 1367 1226 1448 Φιλοονύρύπους
1246 1372 1369 1438 οὶκούειν

171 1473 226 1538 mi
259 1478 313 1539 σοῦ
343 1472 520 1554 Φύονεῖσύοοι
548 1471 601 1534 ὑπ’
629 1472 731 1536 acircio
754 1467 810 1545 ἔξω
842 1470 1033 1549 Jecinoris?
1069 1471 1226 1558 Equidem
1256 1477 1366 1558 χρηςοδ

170 1577 225 1642 κού
243 1575 450 1660 φιλάνθρωποι
473 1575 592 1661 etipse
615 1575 815 1661 scripsissem
840 1585 872 1640 et
895 1577 1051 1641 Lucrinam
1071 1574 1196 1643 dedisse
1217 1598 1279 1644 non
1297 1600 1368 1647 sus·

169 1681 264 1768 picor
282 1679 337 1746 sed
354 1689 442 1747 certo
463 1681 540 1746 scio.
587 1680 687 1746 Mulio
708 1681 812 1746 scrius
834 1680 900 1745 nati
920 1688 998 1745 sunt
1018 1681 1073 1766 qui
1095 1681 1154 1747 hoc
1178 1684 1363 1750 nesciebant

171 1793 204 1852 et
224 1784 379 1852 Romanos
401 1785 630 1852 imitabamur:
655 1785 752 1851 iidem
785 1793 958 1870 coeperunt
979 1787 1145 1872 antiquam
1163 1788 1368 1855 consuetudi·

169 1909 244 1958 nem
263 1890 416 1978 loquendi
435 1890 656 1976 interpolando
676 1891 869 1966 obscurare,
893 1890 996 1956 sicubi
1021 1892 1239 1959 nominativus
1262 1901 1294 1960 el
1314 1914 1367 1962 ac·

169 1996 338 2063 cusativus
354 2003 596 2063 concurrerent.
647 1997 703 2062 His
724 1995 866 2063 debetur
886 1995 969 2081 apud
989 1996 1172 2064 Hunoooruu
1187 1999 1270 2065 maie
1289 2019 1367 2066 sana

168 2101 264 2170 leutio
299 2105 394 2168 esu.
419 2103 433 2167 ὁ
458 2110 580 2184 Κροῖσος
602 2102 675 2180 ἥσθη
707 2100 841 2182 ἐλπίζων
865 2102 986 2179 ἡμίονον
1014 2101 1138 2180 ούδνομοδ
1160 2105 1232 2169 ἀντ’
1258 2106 1364 2189 οὶνδρύς

170 2207 372 2288 βασιλεύσειν
386 2207 512 2283 Μήδων.
530 2208 592 2272 οὐδ’
614 2204 652 2272 ὧν
672 2208 765 2280 αὐτὸς
787 2207 853 2271 οὐδὲ
877 2209 908 2272 οἱ
930 2205 965 2283 ἐξ
984 2210 1079 2272 κὺτοῦ
1098 2209 1274 2275 ποιύσεσύοού
1291 2235 1363 2278 κοτε

172 2321 230 2390 τῆς
255 2313 376 2394 ἀρχῆς,
402 2313 617 2377 necessarium
642 2320 691 2378 est
714 2312 780 2376 οὐδὲ
806 2313 893 2386 τοὺς
917 2311 952 2388 ἐξ
980 2316 1086 2379 κὺτοῦ.
1134 2312 1226 2400 Apud
1245 2315 1364 2381 Draus·

173 2437 290 2484 ruens!
312 2419 386 2500 πρὸς
415 2417 587 2498 Λεωχάρην
612 2438 641 2503 p.
668 2421 771 2490 1080,
796 2416 895 2490 μύσιύο
919 2420 965 2486 ε’ςι
992 2417 1163 2499 Λεωχάρης
1182 2420 1281 2485 οὑτοσὶ
1306 2426 1360 2486 τοῦ

167 2523 222 2590 nai
246 2525 362 2591 εούσδν
393 2524 543 2604 κρύνεσύοοι
567 2522 618 2587 κον)
638 2522 694 2600 ἐμὲ
723 2523 861 2604 νεώτερον
883 2520 956 2586 doru
986 2521 1092 2600 λέγειν
1122 2523 1153 2587 ἐν
1180 2524 1271 2602 ύμῖν,
1297 2543 1359 2592 non

166 2635 217 2696 esi
240 2628 492 2717 exspectandum
512 2647 531 2692 a
551 2625 642 2691 libris
667 2626 861 2712 praesidium
884 2625 1013 2692 lectioni
1036 2626 1152 2704 αὐτός,
1171 2647 1253 2713 quae
1277 2630 1357 2694 satis

165 2732 263 2800 babet
285 2735 318 2800 in
342 2755 376 2800 se
400 2735 469 2820 ipsa
492 2731 654 2818 praesidii.

212 2838 424 2907 Coniunciivo
447 2857 526 2924 opus
545 2846 593 2903 esi
619 2855 674 2922 pro
690 2835 865 2903 indicativo
888 2837 920 2903 in
943 2837 993 2904 his
1014 2841 1079 2915 4⁶2,
1104 2841 1156 2905 45.
1180 2839 1214 2906 τύ
1235 2847 1356 2909 ποιοῦ-

164 2966 256 3026 μεν;
280 2944 548 3033 rcsqrondclur—
571 2944 777 3026 inocciduum
800 2946 865 3010 κτὲ.
892 2944 971 3009 nihii
994 2944 1116 3010 certius
1134 2953 1183 3011 est
1204 2965 1302 3032 quam
1324 2947 1362 3016 r!

165 3059 302 3132 ποιῶμεν
330 3051 461 3137 requiri.
508 3048 628 3115 Eodem
647 3047 787 3115 remedio
808 3048 965 3116 utendum
988 3055 1042 3125 44,
1069 3052 1121 3116 52.
1146 3054 1236 3131 ἡμεῖς
1258 3056 1289 3122 δὲ
1321 3056 1356 3123 τύ

167 3164 315 3237 ποιοῦμεν
336 3157 386 3222 ἐπὶ
406 3155 543 3232 τούτοιο;

169 3274 172 3279 “
209 3263 311 3330 Mulio
331 3260 454 3327 incdius
475 3261 572 3326 eiiam
600 3258 684 3324 idem
709 3260 824 3324 vilium
853 3260 1034 3345 negicclum
1058 3270 1106 3326 est
1129 3264 1160 3328 in
1182 3269 1247 3342 47,
1267 3271 1298 3332 4.
1321 3268 1356 3334 τύ

163 3367 214 3439 σύν
228 3365 274 3445 ,ὦ
294 3372 393 3450 Ἑρμῆ
407 3418 415 3443 ,
427 3367 528 3439 δοκεῑ;
550 3365 683 3447 προτύύ
693 3389 787 3442 εμεν
800 3367 906 3438 adroic
923 3366 1040 3447 νὲγορύον
1064 3367 1150 3433 δικῶν
1171 3373 1187 3446 ἢ
1213 3370 1310 3446 ύύλεις
1323 3374 1355 3447 ἐς

166 3477 266 3544 νέοτοι
286 3476 646 3555 σορκγμελοῦμεν,
669 3468 796 3535 foedum
809 3478 858 3535 osc
871 3521 879 3547 ‚
894 3471 1047 3555 inquom,
1068 3472 1208 3538 nondum
1229 3499 1355 3557 πκρκγ·

164 3582 323 3663 reiecero
354 3597 423 3645 esse
443 3576 665 3643 emendatum:
687 3582 852 3661 praeterea
872 3578 1025 3657 προθῶμεν
1048 3578 1240 3663 rescriptum
1265 3602 1355 3667 opor·

166 3689 241 3755 tuit.
270 3686 376 3751 Etiam
390 3684 422 3748 in
438 3682 730 3770 praestantissimos
743 3680 914 3745 Atticorum
928 3680 1111 3747 huiusmodi
1126 3682 1241 3749 menda
1254 3704 1355 3771 aequo

165 3794 276 3861 animo
300 3789 470 3863 feruntur,
490 3796 526 3852 ut
550 3788 582 3851 in
607 3788 754 3852 Pmroms
777 3784 951 3873 Protoqoro
971 3808 1042 3875 pag.
1067 3792 1132 3855 5⁶20
1156 3809 1202 3855 c:
1228 3791 1353 3874 πότερον

164 3902 240 3979 ύμῖν
251 3936 297 3947 -
315 3897 408 3974 μῦύον
420 3894 522 3971 λέγων
538 3890 677 3968 ἐπιδείξω
691 3892 708 3969 ἢ
722 3891 805 3975 λόγῳ
829 3893 862 3958 δι
872 3892 913 3971 εξ
922 3908 963 3960 ελ
974 3896 1015 3960 eo
1026 3920 1060 3970 o;
1074 3895 1293 3981 reponendum
1305 3905 1356 3965 esi

164 4000 328 4081 διεξέλθοι
350 4006 384 4065 ui
406 3998 492 4066 brevi
517 4006 587 4086 post
610 4019 640 4085 p.
655 4001 719 4062 522
740 4017 789 4063 u:
813 3998 884 4063 σύνοι
906 3998 955 4066 οὖν
977 4000 1087 4083 τρόπον
1110 4001 1172 4077 δοίη
1195 4002 1280 4080 δύιικν
1300 4004 1355 4070 κον)

162 4110 238 4177 eid&
261 4106 447 4186 ἀνθρώποις,
470 4104 526 4189 qni
552 4111 655 4168 totum
684 4102 790 4168 iocum
813 4103 986 4190 diiigenter
1007 4107 1210 4193 perpenderit
1235 4111 1355 4177 sentiet

162 4216 202 4283 δῶ
225 4230 296 4279 esse
320 4208 557 4293 corrigendum.
622 4208 810 4274 Correxerat
841 4208 923 4275 idem
956 4213 1072 4277 vilium
1103 4217 1167 4290 47,
1205 4219 1257 4279 14.
1282 4215 1355 4281 Dru·

162 4338 311 4395 noerius,
331 4322 364 4380 at
389 4315 548 4379 Banncnus
578 4314 713 4378 retinuit
743 4314 852 4393 βούλει
880 4317 932 4381 xci
964 4317 1086 4391 τούτοις
1116 4320 1353 4403 ἀποκληροῦμεν

161 4446 220 4513 pro
253 4426 487 4503 οὶτοκλκρῶμεν.
547 4417 673 4504 Duplici
704 4412 797 4484 modo
826 4419 1043 4506 depravarunt
1076 4422 1223 4491 Editores
1252 4426 1349 4493 verba

162 4531 288 4597 Lucrum
311 4532 373 4601 15,
398 4530 459 4602 dd,
480 4523 533 4589 ubi
552 4523 639 4590 decu
660 4523 858 4603 Iccocrszrus,
879 4526 1076 4606 προελόμενοί
1098 4553 1168 4594 τινοο
1188 4528 1223 4606 ἐξ
1246 4530 1348 4595 οὶπύν·

162 4661 222 4702 τιον
255 4631 320 4708 iere
355 4632 448 4716 ύριςοο
473 4638 683 4711 κοοσκγορῆσοοι
708 4629 747 4695 δον
779 4631 873 4714 δοκῇ,
900 4631 955 4697 uhi
981 4631 1057 4697 aiibi
1079 4632 1152 4698 iibri
1175 4638 1347 4717 κνοτιρμορύ·

163 4766 225 4807 σειν
254 4741 325 4825 δοκῇ
350 4746 406 4805 aut
431 4738 652 4818 κκτκμορύσειν
676 4736 774 4813 δοκεῖ,
807 4737 989 4803 [irnoonrrus
1019 4738 1208 4805 inconrrzrurr
1242 4740 1348 4826 sequi·

1082 4850 1095 4888 ρ
1115 4848 1124 4877 ι
