3309 5750
667 696 671 707 .
765 643 826 715 tce

207 847 338 927 πλησίον
365 853 548 927 κακουργεῖ,
573 844 644 933 lege
662 840 729 918 τίν,
751 854 784 909 et
804 844 888 930 514.
912 840 1012 908 είδῦσι
1032 863 1092 933 pro
1111 840 1208 908 ίδυσι.
1236 841 1275 910 In
1296 845 1387 929 521.

206 958 243 1021 τθ
268 955 341 1035 τρθς
371 951 413 1016 τίν
442 947 606 1030 ταροίδοξα
630 951 689 1011 τῶν
715 945 926 1025 οίκουσμοίτεον
951 946 1153 1027 ἓτθμενον,
1179 969 1246 1013 non
1276 950 1383 1016 multo

206 1058 321 1125 melius
348 1068 395 1121 est
423 1054 577 1120 Breuem
603 1051 806 1132 regrederetur..
836 1050 1025 1142 Scripserim
1052 1050 1184 1130 ἕτοιμον.
1234 1052 1274 1119 ln
1300 1058 1383 1142 §28

206 1165 326 1231 dicitur
353 1160 483 1247 Ulysses
513 1156 682 1235 ε’τιβουλίην
711 1157 908 1229 συντεθεικὼς
935 1160 1007 1222 κατ’
1036 1158 1140 1238 οίνδρθς
1165 1157 1306 1238 ὁμαίμου
1329 1160 1384 1226 καί

130 1324 137 1331 .
191 1273 302 1355 φίλου
328 1272 394 1355 (τοῦ
419 1262 660 1349 Παλαμήδους).
693 1261 873 1327 nesciebam
901 1261 1105 1327 Palamedem
1126 1260 1234 1350 Ulyssi
1252 1263 1387 1331 fratrem

208 1376 314 1442 fuisse.
340 1371 472 1460 Corrige
490 1369 654 1448 ῦμαίχμου
676 1367 763 1456 quod
783 1367 843 1432 iste
863 1391 922 1459 pro
940 1367 1116 1449 συμμοίχου
1132 1369 1250 1457 posuit.
1286 1370 1386 1435 Deni-

207 1505 273 1573 que
302 1481 335 1544 in
364 1480 445 1563 §32
473 1464 609 1540 barbara
637 1471 739 1537 forma
773 1472 891 1563 legitur
919 1472 1058 1555 ἔφημεν,
1092 1483 1149 1537 aut
1174 1472 1304 1557 ἔφαμεν
1331 1488 1384 1542 aut

208 1587 289 1669 ἔφην
313 1580 561 1651 restituendum.
684 1586 687 1592 “

218 1671 221 1675 ’
256 1689 293 1755 ln
315 1689 573 1775 Pseudologr'sla
593 1686 654 1761 60,
674 1689 704 1749 3.
723 1684 808 1749 male
828 1684 935 1750 editur
953 1687 1014 1765 οὐχ
1033 1682 1127 1758 οῦτυς
1147 1686 1305 1767 οίσφαλίρς
1320 1686 1386 1752 οῦδὲ

210 1797 338 1878 σίφανης
355 1794 503 1874 βδελυρὸς
521 1787 559 1856 εί.
586 1799 672 1855 recte
687 1788 806 1855 dicitur
821 1791 975 1872 οὶσφαλίης
993 1789 1213 1870 ςρατηλιίτης,
1227 1814 1294 1857 non
1308 1792 1386 1858 item

208 1899 364 1980 ὀὶσφαλίης
388 1896 554 1977 βδελυρός,
576 1894 698 1983 corrige
718 1896 875 1976 ἀσφαλῶς
896 1897 957 1960 οὐδ’
972 1896 1114 1977 σίφανῦς.
1161 1892 1199 1960 In
1225 1889 1243 1981 5
1266 1905 1286 1963 5
1306 1897 1387 1987 legi·

213 2016 266 2068 tur
295 2004 351 2083 τρθ
375 2002 496 2067 τούτου.
526 2010 628 2065 antea
657 1998 775 2064 dicitur
803 2000 922 2066 Graeca
950 2006 1062 2080 τροτοῦ
1083 2023 1149 2065 non
1169 2003 1226 2082 τρὸ
1256 2002 1385 2077 τοῦτον,

212 2119 281 2173 tum
308 2106 378 2196 lege
407 2105 623 2187 προβαλέσθαι
652 2127 716 2169 nnn
742 2104 937 2184 προελέσθαι.
973 2105 1039 2187 58.
1064 2105 1164 2169 θῦουσι
1190 2109 1309 2185 Νουμοῦ
1332 2113 1386 2173 τοῦ

213 2212 372 2293 βασιλέως
394 2212 646 2286 καταςησαντος.
695 2208 725 2274 Ν
729 2226 819 2274 uttan
838 2208 919 2298 regis
937 2221 1120 2286 nomemest
1140 2211 1173 2274 in
1193 2233 1307 2277 eorum
1327 2233 1389 2300 nu·⁴

215 2340 320 2396 mero,
344 2339 426 2406 quae
446 2314 567 2380 scribae
588 2313 758 2403 depravare
777 2314 898 2393 solent,
918 2325 964 2379 ,ut
982 2317 1165 2391 Μιτυλήνη,
1197 2318 1387 2393 Χαλκηδών,

214 2421 378 2502 Λοίρισσα,
404 2420 709 2501 Συρακούσιοςευῑίι
733 2432 918 2486 constanter
940 2418 1083 2486 scribunt
1104 2422 1215 2487 vitiose
1235 2445 1296 2513 pro
1318 2432 1388 2489 Μυ-

214 2529 342 2605 τιλήνη,
365 2525 561 2605 Καλχηδών,
586 2524 727 2606 Λιίρισκ,
753 2525 960 2608 Συρακόσιος,
985 2526 1031 2591 sic
1049 2528 1089 2591 ab
1106 2526 1144 2592 iis
1157 2531 1291 2606 Νουμοῦς
1312 2529 1390 2602 scri->

217 2633 304 2698 bitur
323 2632 378 2721 qui
397 2631 438 2696 ab
459 2629 693 2719 antiquioribus
712 2634 826 2710 Νομοῦς
847 2629 1015 2696 dicebatur
1034 2644 1088 2698 aut
1106 2630 1236 2712 Νόμας,
1257 2646 1293 2699 ut
1310 2635 1390 2702 bln-

217 2755 339 2803 nonrro
368 2736 474 2827 placet
503 2734 543 2799 ad
574 2734 778 2802 Srnrntrnn
811 2735 995 2825 (cnivverha
1012 2740 1074 2819 ανδ
1100 2739 1131 2804 δὲ
1159 2740 1215 2812 την
1245 2740 1390 2822 δευτέραν

217 2842 384 2922 συλλαβὴν
410 2839 601 2912 ἐκτείνοντας
630 2842 811 2923 βαρυτονεῖν
832 2842 916 2932 apud
937 2842 1124 2910 Dtontsttm
1143 2841 1264 2911 Ht'etc.
1282 2842 1327 2912 II.
1341 2848 1393 2914 58.

218 2949 355 3039 genuina
384 2945 549 3023 ridentur,
581 2945 663 3010 mihi
689 2947 861 3036 abaliquo
883 2948 1003 3031 lectore
1025 2950 1207 3041 adscripta).
1256 2949 1392 3041 Antiqui

219 3064 251 3118 et
270 3051 348 3116 boui
364 3049 498 3117 Codices
518 3064 641 3117 servant
660 3054 832 3142 genuinam
848 3053 983 3121 formam
1004 3069 1035 3122 et
1054 3078 1297 3146 nonnumquam
1315 3081 1393 3147 per-

219 3157 350 3246 antiqua
379 3159 554 3250 scripturae
581 3158 675 3237 ritia,
703 3144 741 3223 'ut
760 3159 793 3224 in
815 3160 1015 3228 Ptnrrncnl
1038 3159 1217 3229 Coriolano
1235 3162 1260 3229 i.
1291 3161 1391 3241 ίνομα

219 3265 419 3344 θυγατριδοῦς
448 3264 482 3328 in
503 3264 652 3329 omnibus
670 3264 761 3333 libris
784 3279 831 3331 est
850 3289 909 3356 pro
930 3268 943 3331 θ
968 3272 1064 3347 Νομῦ
1091 3269 1304 3349 θυγατριδοῦς.
1353 3265 1392 3331 ln

221 3369 372 3436 Lucum
398 3373 456 3451 27,
482 3374 531 3435 17.
565 3370 599 3435 in
631 3368 804 3436 (lodicibus
830 3383 877 3436 est
899 3374 996 3450 νομῦν
1019 3372 1071 3435 τὸν
1096 3372 1282 3447 ίταλιθτην,
1309 3372 1397 3438 docti

222 3475 368 3542 homines
397 3480 529 3555 Νουμᾶν
559 3476 759 3542 invexerunt,
807 3475 845 3540 In
875 3475 938 3540 hoc
963 3475 1033 3565 ipso
1058 3474 1129 3541 ioco
1151 3475 1265 3566 optimi
1285 3499 1396 3543 omnes

221 3581 372 3648 exhibent
391 3582 508 3647 θυίουσιν
532 3581 617 3666 ίίμα,
638 3582 670 3646 in
692 3582 863 3673 quo‘vides
885 3583 983 3647 latere
1002 3583 1103 3646 θῦουσι
1120 3585 1226 3660 Νομῦ.
1246 3582 1281 3648 in
1301 3583 1394 3669 fine§

220 3687 291 3778 lege
311 3687 430 3762 συνείην
450 3709 509 3776 pro
529 3687 642 3763 συνίην.
683 3688 721 3753 In
743 3691 760 3774 §
787 3692 826 3781 11
848 3710 960 3754 revoca
980 3686 1212 3758 Γενετῦλλιδος.
1248 3686 1287 3753 In
1306 3691 1325 3774 §
1345 3693 1397 3757 15.

222 3801 375 3876 χρυσοῦς,
406 3793 524 3875 φασίν,
554 3794 584 3856 ἒν
608 3795 777 3876 Ὀλυμπία
804 3793 927 3869 ςοίθητι.
975 3791 1079 3856 Locus
1105 3792 1287 3873 primns,
1313 3794 1398 3861 unde

223 3897 304 3963 baec
322 3908 425 3962 sumta
446 3908 534 3974 sunt,
558 3909 741 3986 pervetusto
761 3897 839 3962 vitio
859 3898 998 3976 laborat,
1018 3896 1106 3986 quod
1126 3897 1230 3963 obiter
1248 3900 1397 3969 eximam.

224 4002 356 4090 Legitur
382 4002 415 4064 in
447 4001 607 4066 Phaedro
636 4026 667 4091 p.
690 4006 755 4068 236
780 4022 810 4069 Β.
846 4005 934 4086 ταρίο
962 4005 997 4068 τὸ
1032 4005 1212 4084 Κυψελιδῶν
1245 4005 1398 4086 σίνοίθημα

224 4107 425 4188 σφυρήλατος
447 4108 477 4169 ἐν
501 4108 670 4191 Ὀλυμπία
692 4107 819 4184 ςοίθητι,
855 4133 920 4174 non
948 4121 995 4174 est
1020 4109 1183 4173 Petronis
1207 4133 1321 4175 manus
1341 4111 1399 4180 τοί-

225 4213 303 4287 θητι.
351 4210 480 4276 Veteres
508 4211 606 4276 Attici
636 4213 785 4279 dicebant
808 4221 952 4296 χαλκοῦν
976 4213 1103 4296 tadum,
1126 4221 1261 4294 χρυσοῦν
1288 4215 1400 4285 ἑτοίναι

225 4338 291 4382 non
310 4318 457 4398 ςαθῦναι,
482 4328 514 4381 et
532 4325 676 4398 χαλκοῦν
695 4319 818 4395 ίςοίναι,
846 4321 942 4395 ςῦσαί
967 4344 1050 4403 τινα,
1076 4343 1142 4385 non
1160 4322 1338 4395 οίναςῦσαι,
1365 4331 1401 4385 nt

226 4422 399 4487 annrus
418 4419 525 4508 dicere
545 4422 625 4488 solet
646 4437 677 4489 et
698 4425 870 4514 sequiores.
885 4424 1125 4489 Drncsrnnnns
1143 4449 1174 4514 p.
1189 4427 1263 4490 172.
1282 4427 1308 4491 οί
1326 4425 1401 4506 τρθ-

226 4551 307 4608 χονοι
330 4527 530 4602 Θεμιςοκλία
556 4528 608 4592 καί
639 4529 818 4605 Μιλτιοίδην
838 4533 870 4595 οῦ
896 4535 1040 4611 χαλκοῦς
1064 4528 1178 4597 ίςασαν
1203 4531 1264 4594 οὐδ’
1288 4533 1403 4612 ῦτερη-

225 4634 339 4713 χαίταν
355 4629 441 4722 .(ubi
461 4655 535 4699 mox
554 4635 772 4702 emendando
795 4633 893 4716 ἔργον
913 4635 1029 4706 οὐδενὸς
1052 4640 1111 4701 τῦν
1134 4634 1207 4700 τθτε
1232 4634 1402 4710 οίτέςησαν

219 4740 333 4815 ,αὐτοῖς
356 4760 416 4828 pro
436 4738 799 4831 οὶτεςὲρησαναθτοιίς),
832 4743 915 4829 etp.
938 4743 1014 4808 493.
1037 4741 1114 4806 ἄλλ’
1138 4739 1208 4810 ἔςαι
1234 4740 1288 4806 καί
1311 4753 1402 4821 χαλ·
