3309 5750
798 594 864 657 272

243 788 379 857 subolet.
412 786 599 869 παράπλους
628 797 661 852 et
685 782 875 867 περίπλους,
905 794 1088 867 παραπλεῖν
1107 798 1141 852 et
1161 796 1325 871 περιπλεῖν
1346 786 1420 864 satie

240 896 364 963 diversa
383 915 451 960 esse
470 903 578 983 putes,
602 890 724 958 scribae
744 902 865 954 temere
884 890 1087 979 permiscent.
1126 891 1267 958 insulani
1288 892 1421 983 quidam

240 1007 295 1083 27,
325 1006 377 1067 37.
408 1011 700 1066 commemorantur
728 994 912 1077 λρςεθοντες
938 996 1009 1067 τοὺς
1035 998 1302 1077 παραπλέοντας,
1336 999 1421 1064 bona

238 1131 313 1200 pars
334 1107 489 1171 librorum
509 1104 733 1185 περιπλέοντας
752 1099 846 1164 nobis
867 1099 1023 1168 obtrudit.
1056 1100 1096 1168 lu
1120 1102 1422 1175 Hellenioisl.v1.

240 1217 271 1279 2.
294 1209 346 1278 ὅτε
367 1211 529 1291 παρεδίδου
553 1210 566 1273 o‘
593 1209 771 1288 Λύσανδρος
796 1206 857 1279 τάς
886 1212 961 1279 ναῦς
986 1205 1080 1286 ἔλεγε
1107 1210 1150 1289 τῷ
1177 1207 1422 1293 Καλλικρατίδᾳ

238 1314 285 1384 θτι
309 1315 572 1396 θαλαττοκράτωρ
597 1338 632 1379 τε
656 1311 840 1394 παραδιδοίη
866 1312 919 1376 κα)
941 1313 1111 1397 ναυμαχία
1142 1315 1313 1389 νενικηκώς.
1350 1314 1364 1377 ὅ
1388 1314 1421 1394 δὲ

238 1423 332 1486 αῦτδν
355 1418 518 1483 ἐκέλευσεν
541 1418 576 1495 ἐξ
603 1417 740 1499 Ἐφέσου
766 1419 796 1482 ἐν
823 1419 950 1501 α’ριςερρῖ
977 1419 1090 1497 Σάμου
1119 1420 1444 1500 παραπλεύσαντα,·

242 1521 292 1613 [οὗ
325 1518 404 1598 ἦσαν
440 1524 473 1588 αἱ
503 1528 562 1587 τῦν
591 1522 760 1598 Ἀθηναίων
797 1522 881 1609 νῆες]
912 1524 942 1587 ἐν
971 1525 1105 1605 Μιλήτῳ
1134 1526 1326 1605 παραδοῦναι
1360 1522 1420 1595 τάς

238 1632 314 1700 ναῦς
337 1627 390 1691 καὶ
414 1626 619 1705 ὁμολογήσειν
648 1630 935 1709 θαλαττοκρατεῖν,
967 1627 1025 1717 qui
1055 1630 1152 1695 situm
1180 1628 1325 1694 locorum
1355 1650 1421 1692 non

238 1733 365 1821 ignorat
393 1744 528 1820 reponet
555 1731 834 1811 περιπλεύσαντα,
865 1744 1029 1822 praeterea
1059 1734 1322 1815 θαλαττοκρατῶν
1348 1754 1421 1797 eor·

237 1840 304 1929 rige
333 1850 365 1904 et
393 1860 540 1928 erpunge
568 1837 661 1903 verba
692 1832 727 1901 οῦ
751 1832 830 1910 ἦσαν
858 1837 892 1901 αἱ
922 1844 981 1902 τῶν
1008 1836 1175 1912 ’Λθκναθων
1200 1845 1286 1915 νῆες,
1311 1836 1420 1927 pueris

237 1944 370 2010 fortasse
398 1945 592 2022 necessaria,
625 1964 690 2007 non
722 1940 760 2007 iis
791 1940 909 2032 quibus
940 1942 1123 2009 ertot’txort
1148 1941 1229 2008 haee
1249 1942 1420 2010 scribebat.

239 2049 432 2117 Tuocxomt
459 2062 570 2115 eontra
591 2047 703 2115 eadem
724 2047 764 2112 de
785 2068 880 2112 causa
900 2045 999 2114 redde
1020 2048 1421 2129 17.25.παρατλεθσαν-

238 2180 291 2227 τες
312 2177 372 2243 pro
392 2157 659 2235 περιπλεύσαντες
689 2166 722 2220 et
742 2152 798 2222 IV.
821 2156 876 2219 56.
904 2154 1129 2234 παρέπλευσαν
1156 2176 1215 2243 pro
1235 2154 1420 2234 περιέπλευ-

239 2284 308 2327 σαν.
353 2257 394 2323 Ιιι
421 2259 535 2327 eodem
556 2261 798 2327 ‚quortxorrrs
828 2280 924 2348 opere
949 2255 1005 2322 lv.
1026 2275 1058 2323 v.
1079 2259 1110 2321 6.
1136 2256 1301 2346 Agesilaus
1324 2258 1420 2334 καθά-

243 2387 336 2444 μενος
362 2363 413 2428 ἐπὶ
439 2371 493 2429 τοῦ
521 2364 589 2445 περὶ
616 2364 672 2437 τὴν
698 2363 811 2441 λίμναν
839 2367 1040 2442 κυκλοτεροῦς
1066 2363 1310 2442 οἰκοδομήματος
1333 2362 1421 2429 ἐθεά-

240 2495 283 2553 ρει
310 2467 417 2535 πολλθι
440 2470 483 2533 τά
508 2469 706 2549 ἐξαγόμενα,
741 2467 851 2555 ingene
878 2478 1004 2556 oportet
1034 2466 1144 2541 luisse.
1161 2469 1364 2546 aedilicium,
1393 2468 1420 2532 si

239 2574 308 2656 περὶ
332 2574 388 2647 τάν
408 2574 521 2653 λίμνην
542 2585 736 2642 exstructum
758 2573 871 2652 fuerit,
896 2584 928 2638 at
949 2585 984 2637 tu
1004 2572 1075 2661 lege
1097 2575 1185 2657 παρά
1208 2577 1263 2650 τὴν
1285 2574 1418 2651 λθμννν,

239 2691 272 2745 et
302 2676 416 2743 eodem
446 2679 543 2744 modo
578 2678 774 2768 ubicumque
804 2677 892 2760 παρά
922 2679 1135 2744 necessarium
1165 2702 1232 2745 esse
1261 2677 1419 2767 intelliges

240 2784 311 2864 περί
341 2786 462 2873 retingo
490 2795 522 2852 et
551 2797 672 2852 eontra.
721 2785 827 2852 Tertia
857 2785 946 2875 origo
975 2785 1088 2851 erroris
1115 2798 1164 2850 est
1184 2785 1241 2850 ubi
1261 2810 1285 2849 π
1306 2806 1420 2873 supra·

194 2981 195 2985 ¹
239 2890 359 2980 scripto
389 2915 404 2954 ε
434 2892 580 2982 expletur
607 2916 693 2973 περι,
727 2914 829 2982 quum
860 2890 940 2956 nihil
968 2892 1105 2982 amplius
1130 2915 1226 2982 quam
1249 2917 1290 2958 πε
1313 2890 1419 2956 serila

239 2994 379 3064 voluerit
410 2995 495 3063 dare.
542 2998 669 3088 Insigne
699 2998 880 3088 exemplum
911 2997 1007 3070 huius
1036 2999 1083 3064 rei
1108 3012 1157 3069 est
1179 3001 1214 3067 in
1235 2999 1421 3080 Illumetu

239 3107 312 3168 vita
333 3100 553 3192 Pythagorae
575 3112 592 3194 §
612 3109 688 3173 258.
713 3103 971 3185 προσποιούμενος
994 3105 1053 3182 μὲν
1079 3104 1264 3183 ἐξητακέναι
1288 3107 1332 3171 τά
1356 3110 1419 3170 τῶν

242 3206 458 3286 Πυθαγορείων
486 3210 664 3290 άπθρρκτα,
697 3207 957 3290 περιπλακεὶς
987 3209 1018 3282 δέ
1044 3209 1097 3273 καὶ
1121 3210 1294 3292 γεγραφὼς
1324 3209 1359 3288 ἐξ
1381 3204 1420 3276 ὧν

241 3309 370 3391 μάλιςα
395 3312 508 3385 αὐτοὺς
532 3313 653 3391 ἤμελλε
676 3310 881 3389 διαβάλλειν,
905 3309 1080 3374 absurdum
1099 3322 1162 3388 eat,
1187 3323 1222 3377 ut
1241 3312 1345 3390 rides,
1364 3336 1421 3377 πε-

242 3413 426 3498 ριπλακεέε,
451 3437 510 3504 pro
532 3440 597 3507 quo
618 3415 726 3482 Codex
747 3415 922 3481 Medioeue
940 3415 1021 3482 mihi
1040 3414 1159 3483 obtulit
1176 3417 1368 3495 πεπλακθς,
1386 3416 1422 3482 in
1509 3481 1512 3486 .

246 3541 312 3610 quo
332 3543 372 3582 πε
394 3519 631 3608 scriptumest,
656 3534 691 3587 ut
711 3519 867 3599 diximus,
891 3533 923 3586 et
939 3521 977 3595 άς
1000 3532 1078 3586 noto
1099 3521 1301 3612 compendio.
1350 3523 1423 3589 Alia

243 3622 388 3713 exempla
412 3645 449 3689 ex
473 3625 542 3690 aliis
568 3626 624 3692 ubi
648 3625 940 3754 commodumerit
964 3618 1160 3716 expromam.

291 3728 571 3816 Quemadmodum
602 3731 690 3813 παρά
722 3743 753 3797 et
781 3730 853 3811 περί
879 3730 998 3821 passim
1027 3731 1184 3797 conlundi
1211 3731 1353 3813 videbis,
1376 3734 1423 3806 aie

243 3836 301 3918 πρά
326 3849 358 3902 et
383 3834 484 3916 πρθς,
510 3839 544 3902 ἐκ
572 3848 604 3902 et
624 3862 684 3910 εις
710 3835 771 3901 ῦπθ
791 3846 824 3899 et
844 3836 979 3917 ὑπερ,
964 3860 994 3900 εν
1017 3848 1049 3902 et
1067 3862 1138 3912 συν
1162 3838 1213 3903 θπι
1234 3850 1267 3905 et
1284 3864 1369 3920 περι
1394 3840 1421 3906 δι

244 3954 277 4007 et
305 3941 375 4018 ε’ξ“
366 3963 405 4007 ιιι
419 3920 515 4008 nullo
545 3965 608 4009 non
631 3942 715 4008 libro
737 3940 858 4031 scripto
881 3940 1008 4006 editore
1028 3941 1228 4032 negligenter
1247 3934 1424 4034 permutari

245 4044 493 4124 animadvertes,
528 4050 653 4138 saepius
680 4060 825 4115 correcto
858 4070 983 4127 errore,
1016 4071 1109 4138 saepe
1138 4049 1336 4139 corrigendo.¹
1383 4046 1423 4115 lu

247 4152 297 4217 his
334 4151 482 4217 omnibus
517 4154 713 4244 ubicumque
741 4154 846 4219 aliena
875 4155 1067 4243 praepositio
1098 4154 1268 4243 genuinam
1300 4152 1423 4242 expulit

249 4257 420 4324 Graecitati
458 4257 573 4324 vulnus
608 4260 765 4348 infligitur
804 4274 837 4323 et
872 4259 905 4322 in
945 4257 1223 4348 multis-graviter
1256 4269 1289 4323 et
1319 4258 1422 4349 turpi·

248 4376 298 4430 ter
327 4364 456 4430 dicendi
485 4387 559 4430 usus
590 4364 730 4431 violatur
758 4374 812 4428 aut
842 4362 1040 4428 locufionum
1072 4363 1261 4429 Graecarum
1292 4364 1422 4453 ingenio

249 4483 282 4538 et
311 4483 444 4535 naturae
473 4473 518 4538 vis
547 4472 694 4538 infertur.
743 4469 855 4534 Parata
887 4467 984 4557 igitur
1010 4467 1132 4558 ubique
1151 4469 1310 4533 medicina
1330 4481 1377 4533 est
1396 4468 1423 4533 si

252 4576 301 4641 uti
331 4575 419 4640 voles
448 4588 481 4642 et
510 4578 657 4659 audebis,
694 4589 800 4668 spreta
832 4575 1021 4641 auctoritate
1048 4574 1196 4654 testium,
1226 4575 1284 4664 qui
1317 4596 1433 4665 neque,

242 4666 336 4747 'inter
362 4704 396 4747 se
420 4703 526 4772 neque
552 4684 680 4763 sibimet
703 4684 766 4775 ipsi
783 4682 860 4750 satis
878 4691 1036 4775 constant.
1084 4679 1161 4766 Quis
1181 4679 1280 4761 terat,
1304 4678 1422 4748 uthoo
