3309 5750
794 624 859 689 198

237 822 362 892 Deinde
382 845 476 891 sensu
494 843 630 891 vacuum
652 831 701 887 est
721 818 810 911 quod
831 816 1006 910 seqnituro‘
1029 817 1088 897 μέν
1106 842 1180 885 τινα
1202 814 1342 888 εἶπε-
1363 835 1421 889 >to-

236 930 337 1015 ποήην,
368 928 415 996 ὅτι
447 929 507 1003 τοὶς
533 927 704 1003 ἐκκλησίας
728 925 897 1007 θορυβώδης
924 924 963 990 ὢν
982 924 1077 1005 ῥήτωρ
1099 922 1330 1005 ἐπετάραττεν.
1364 941 1419 991 λν-

185 1020 200 1043 ⁸
237 1036 321 1113 ποήην
342 1035 424 1102 nihil
442 1047 505 1114 est,
530 1057 632 1125 quum
652 1033 753 1100 scriba
775 1030 893 1097 vetusti
910 1029 986 1095 libri
1006 1029 1195 1119 scripturam
1216 1028 1371 1105 detritam
1388 1043 1420 1099 et

237 1143 415 1233 fugientem
435 1140 582 1232 expedire
598 1163 665 1206 non
684 1149 791 1230 posset
810 1135 900 1202 dedit
922 1136 1082 1203 litterulas
1106 1137 1174 1203 sine
1194 1159 1303 1204 sensu.
1341 1138 1420 1205 Vera

237 1249 335 1317 lectio
363 1271 381 1314 e
408 1248 536 1339 reipsa
561 1246 636 1312 elici
653 1256 767 1336 potest.
817 1242 880 1327 Qui
898 1243 959 1314 τοὶς
985 1242 1156 1318 ἐκκλησίας
1183 1243 1357 1323 θορυβώδης
1383 1244 1420 1310 ὢν

237 1357 333 1438 ῥήτωρ
350 1354 521 1436 ταροὶττει,
542 1377 608 1444 quo
623 1351 813 1441 cognomine
831 1350 871 1417 ab
890 1360 985 1415 acuto
1001 1348 1124 1439 populo
1141 1349 1273 1414 mactari
1290 1349 1418 1439 potest?

239 1484 305 1553 quo
325 1461 390 1525 alio
413 1483 511 1551 quam
530 1460 664 1543 τορύνηῖ
712 1458 747 1525 Si
774 1458 845 1549 quis
872 1457 957 1523 volet
977 1456 1134 1547 inspicere
1157 1455 1422 1524 Anlsnol’nsm

238 1568 272 1633 in
297 1567 482 1656 Equitibue
510 1589 553 1633 rs.
572 1570 639 1633 984
664 1578 696 1631 et
716 1567 749 1630 in
771 1566 862 1630 Pace
883 1567 949 1630 664
969 1563 1027 1628 ubi
1050 1562 1154 1640 δοῖδυξ
1179 1563 1366 1644 sciroforion
1391 1576 1420 1630 et

238 1674 383 1756 κύκηθρον
408 1673 461 1738 καὶ
486 1672 659 1754 τήρακτρον
690 1671 804 1738 eodem
836 1693 931 1737 sensu
956 1669 996 1735 de
1016 1669 1129 1734 eodem
1152 1666 1345 1735 turbulento
1365 1669 1421 1736 de-

239 1801 375 1868 magogo
398 1777 565 1855 dicuntur,
589 1798 669 1866 opus
688 1777 835 1847 nouerit
859 1789 896 1841 ut
920 1775 1050 1843 verbum
1070 1774 1206 1865 amplius
1225 1773 1358 1860 addam.

284 1883 324 1949 In
353 1882 467 1948 libello
494 1883 640 1962 περὶτοῦ
665 1882 746 1947 οἴκου
771 1886 906 1961 61,17.
930 1890 985 1956 τής
1009 1880 1109 1962 ὅψεως
1135 1881 1208 1961 πρὸς
1233 1881 1334 1955 αὑτήν
1363 1904 1420 1947 κα-

239 1987 371 2064 λούσης,
396 2010 462 2053 non
483 1985 646 2051 dubitabit
666 1988 815 2063 ἑλκούσης
837 1988 999 2078 recipere,
1024 1986 1081 2076 qui
1101 1985 1179 2052 sciat
1203 2008 1305 2077 quum
1325 2009 1418 2078 saepe

196 2152 201 2162 .
239 2091 342 2161 ἕλκειν
371 2106 404 2159 et
430 2079 541 2159 καλεῖν
570 2104 751 2182 permutata
776 2091 904 2158 fuerint.
939 2095 956 2177 S
983 2095 1033 2157 19.
1058 2092 1162 2157 λίθινοι
1188 2092 1332 2170 ἐγένοντο
1355 2094 1418 2160 cirri

240 2199 413 2278 deduceres.
466 2196 666 2286 Quamquam
694 2198 868 2265 sexcenties
896 2198 1020 2263 librarii
1040 2198 1106 2263 ἀπό
1126 2207 1158 2263 et
1179 2197 1239 2264 ὑπό
1260 2197 1420 2268 confude-

241 2315 331 2382 runt,
356 2315 443 2370 certo
463 2302 536 2368 sciri
555 2314 661 2393 potest
682 2301 804 2392 ubique
826 2314 896 2368 utra
917 2301 1153 2393 praepositione
1175 2302 1215 2367 sit
1235 2325 1326 2393 opus.
1356 2305 1420 2373 ἀπὸ

240 2409 362 2485 λύπης,
387 2409 563 2491 φροντίδος,
592 2410 703 2489 ὀργῆς,
734 2412 842 2489 χαρᾶς
871 2419 903 2474 et
933 2409 1060 2475 similia.
1079 2407 1163 2474 nibil
1190 2408 1420 2497 significabunt

240 2513 344 2580 donec
374 2515 433 2580 ὑπή
464 2514 651 2605 reposueris.
701 2511 804 2596 Quam
833 2537 948 2603 magna
978 2515 1018 2579 sit
1046 2514 1139 2604 copia
1167 2512 1334 2595 locorum,
1363 2517 1421 2607 qni

242 2621 348 2687 adhuc
369 2634 581 2687 correctorem
601 2632 799 2710 exspectent,
823 2621 901 2687 alias
923 2620 1098 2686 ostendero.
1132 2621 1229 2685 Pauci
1250 2635 1325 2689 sunt
1345 2623 1420 2689 libri

241 2727 302 2793 isto
329 2731 436 2794 errore
465 2725 573 2805 vacui,
598 2748 701 2815 neque
723 2726 858 2792 aliorum
878 2749 984 2816 neque
1006 2726 1162 2803 Lucum.
1206 2725 1244 2791 ln
1266 2727 1330 2795 hoe
1350 2730 1420 2821 ipso

242 2833 362 2919 libro§
387 2834 438 2897 13.
462 2832 525 2898 cirri
550 2830 661 2908 ἴυγγος
687 2831 703 2907 ἢ
733 2840 867 2912 σειρῆνος
893 2832 1057 2912 ἑλκόμενος
1088 2856 1198 2900 omnes
1225 2833 1354 2904 obsidet
1379 2837 1420 2904 li·

242 2939 317 3007 bros
349 2936 482 3027 scriptos
510 2948 542 3000 et
571 2934 684 3001 editos.
733 2937 913 3005 Bssrssns
943 2939 1072 3005 tandem
1100 2943 1158 3007 ὑπὸ
1187 2942 1338 3022 correxit,
1362 2944 1420 3034 qui

242 3043 328 3108 idem
352 3042 464 3108 vitium
483 3062 585 3130 aeque
606 3052 729 3105 certum
751 3054 783 3106 ct
803 3042 934 3108 evidens
952 3068 1046 3136 saepe
1067 3046 1144 3111 alibi
1163 3047 1323 3115 intactum
1340 3048 1419 3116 reli·

243 3150 323 3242 quit.
350 3149 395 3213 Ea
411 3161 457 3214 est
473 3147 707 3238 exemplorum,
725 3147 756 3214 id
775 3161 821 3215 est
838 3150 1044 3231 mendorum,
1059 3154 1151 3243 copia
1172 3163 1208 3219 ut
1226 3153 1324 3219 etiarn
1343 3153 1419 3220 boni

241 3255 417 3349 philologi,
448 3252 502 3318 sed
530 3254 563 3317 in
592 3250 766 3319 (lodicibus
787 3257 949 3324 versandis
973 3282 1036 3324 non
1059 3259 1115 3325 diu
1136 3271 1168 3326 et
1188 3261 1329 3326 multum
1348 3281 1419 3327 rer-

219 3363 316 3442 'sati,
351 3385 418 3427 earn
450 3360 512 3426 rim
540 3359 760 3450 exemplorum
790 3363 935 3454 undique
961 3365 1150 3457 irruentium
1176 3367 1334 3433 sustinere
1354 3387 1420 3433 non

240 3468 413 3561 potuerint.
476 3464 514 3530 ln
551 3465 786 3534 Xtcttol‘norttls
818 3471 999 3536 Hellemcis
1035 3472 1070 3538 V.
1102 3479 1131 3538 4.
1165 3477 1217 3540 60.
1257 3473 1419 3539 malesana

241 3577 338 3644 lectio
365 3574 399 3639 in
426 3572 516 3638 libris
545 3585 592 3639 est
619 3574 707 3653 λόγοι
728 3575 890 3654 ἐγίγνοντο
913 3579 976 3643 οὶπὸ
1006 3585 1066 3643 τῶν
1091 3579 1293 3660 connexo,
1320 3600 1418 3671 qnam

240 3683 445 3749 Brnnonnrns
473 3678 624 3756 servavit,
652 3680 728 3769 quia
758 3679 806 3746 bis
836 3682 922 3748 idem
952 3683 1067 3749 vitium
1087 3685 1363 3751 commissnm·est
1386 3685 1419 3751 in

240 3787 354 3855 cedern
385 3805 498 3874 operer
535 3782 730 3849 VI.111.10.
765 3787 979 3865 ἐγγεγένηται
1011 3790 1322 3870 descripseram>
1353 3792 1416 3874 ἀφ’

240 3896 325 3971 ήμῶν
356 3890 408 3954 καὶ
438 3890 498 3970 ἀφ’
528 3889 611 3966 ὑμῶν
630 3901 677 3978 ¹et
711 3888 780 3954 Vll.
806 3907 828 3956 1.
859 3899 888 3958 5.
921 3894 985 3958 cirri
1014 3896 1074 3960 τῶν
1100 3893 1171 3960 θεῶν
1197 3897 1320 3962 δέδοται
1343 3898 1417 3976 ὑμῖν

241 3998 399 4075 εὐτυχεῖν.
435 4003 466 4056 at
495 3992 545 4057 iis·
561 3992 640 4058 locis
664 3993 760 4059 facile
789 4005 837 4062 est
858 3998 976 4063 addere
998 4005 1162 4065 sexcentos
1183 4000 1277 4080 alios,
1311 4013 1418 4069 tamen

241 4098 329 4191 quod
352 4096 524 4162 absurdum
547 4110 594 4163 est
613 4121 678 4165 non
699 4100 755 4165 liet
773 4124 883 4169 verum
900 4116 931 4169 et
950 4128 1073 4172 sanum.
1098 4106 1136 4171 In
1154 4107 1299 4174 Lucum
1316 4109 1418 4190 libro,

240 4209 276 4278 in
304 4228 369 4296 quo
398 4227 572 4286 versamur,
604 4208 621 4290 §
645 4211 663 4270 5
686 4206 793 4275 editur
817 4206 899 4282 ὅπως
919 4212 1191 4290 ἐκπλαγήσονται.
1217 4237 1282 4279 non
1304 4215 1349 4280 ita
1370 4227 1419 4281 est

241 4313 275 4378 in
287 4310 474 4390 (lodicibus,
494 4312 632 4400 optimus
649 4313 785 4403 quisque
802 4315 1070 4394 ἐκπλαγήσονται
1087 4318 1224 4385 exhibet.
1241 4331 1278 4385 ut
1291 4325 1418 4400 26,36.

241 4415 457 4495 δυνησώροεήοο,
490 4419 548 4494 25,
578 4421 632 4483 61.
662 4419 906 4494 ἐπαινέσονται,
942 4423 1003 4498 76,
1025 4425 1054 4487 9.
1076 4424 1244 4500 πείσηται,
1278 4429 1341 4507 78,
1363 4430 1417 4494 21.

240 4520 322 4595 ὅπως
344 4522 471 4604 ἕπιήήση
494 4533 526 4592 et
546 4536 691 4591 sexcenta
713 4522 808 4588 huius
829 4525 944 4590 erroris
963 4527 1108 4618 exempla
1128 4529 1213 4620 apud
1234 4553 1346 4600 omnes
1364 4554 1420 4599 oc·

193 4700 203 4716 ἱ
241 4638 383 4697 currunt.
442 4625 548 4712 Quum
577 4631 862 4709 ἐκπλαγήσονται,
898 4630 1066 4709 πείσηται,
1104 4636 1301 4719 Φεύξοινται,
1337 4641 1418 4705 οὶπο-

240 4732 431 4813 δράσωνπαι,
469 4728 550 4807 ὅπως
582 4735 665 4822 ε’ρής,
697 4731 778 4806 ἕποιο
812 4735 971 4816 δώσομεν,
1004 4740 1205 4821 τενξώμεήα,
1237 4745 1416 4826 λήψομαι,
