3309 5750
736 656 798 718 185

178 847 233 914 (les
264 846 303 915 ad
331 848 415 915 hanc
442 851 545 917 lucem
568 848 673 915 statim
696 846 986 938 deprehenduntur
1005 861 1037 914 et
1056 848 1253 940 ubicumque
1272 847 1352 939 quid

180 954 247 1019 vitii
270 967 318 1021 est
341 956 394 1019 xxi
418 957 530 1037 τυφλῷ
554 956 660 1041 δῆλον,
686 966 721 1019 ut
745 955 778 1019 in
803 953 915 1020 fabula
942 956 1015 1020 150.

403 1057 447 1133 εἷς
471 1061 502 1125 δὲ
525 1061 652 1137 nepote
676 1059 875 1140 ςριιτηχὲπης
900 1057 1051 1141 ὑπάρχων

400 1165 560 1247 ἐμειδίασε
584 1164 637 1229 uxi
663 1166 736 1246 πρὸς
761 1166 875 1237 αὐτοὺς
900 1164 1054 1242 ἐβόησε·

401 1278 497 1346 ςηπε,
523 1270 674 1353 ἀδελφοὶ,
697 1270 792 1348 μηδὲν
816 1271 912 1335 κιικὸν
936 1272 1124 1346 ποιήσετε.

400 1378 439 1449 ὡς
463 1377 526 1457 γὰρ
550 1376 658 1457 ipsiu,
682 1374 843 1456 δειλότερν
865 1376 1103 1455 τυγχάνουσι

401 1486 509 1545 sabroe
531 1480 575 1545 rai
598 1482 661 1563 ζῷιι
686 1481 759 1561 ὑπὲρ
784 1483 869 1559 ἡμᾶς
894 1479 1055 1554 ἅπιιντιις.

176 1572 249 1679 quis
280 1597 328 1651 est
357 1597 420 1650 tarn
451 1583 567 1663 hebes,
597 1596 633 1649 ut
654 1608 718 1649 non
740 1586 899 1675 intelligat
919 1585 1143 1675 corrigendum
1164 1610 1231 1653 esse
1252 1585 1349 1665 ἐβόα,
1414 1612 1419 1622 ’

177 1702 296 1759 ποιεῖτε
326 1703 358 1757 et
387 1690 563 1772 τνγχιένει,
599 1703 696 1780 atque
724 1692 856 1757 omnino
886 1703 918 1756 et
947 1691 981 1755 in
1010 1692 1076 1757 istis
1098 1692 1242 1771 labellis,
1274 1715 1355 1781 quas

177 1796 433 1885 dodecasyllabis
464 1795 605 1862 versibus
632 1797 823 1887 compositas
844 1820 910 1864 esse
930 1795 1155 1877 indicarimus,
1180 1810 1212 1863 et
1230 1798 1265 1863 in
1286 1799 1353 1863 Bl-

175 1921 249 1967 nnn
276 1901 488 1981 Gholiambis,
522 1903 578 1993 qui
609 1903 641 1967 iu
670 1902 783 1968 mediis
811 1901 860 1969 bis
889 1901 1035 1968 sordibus
1054 1903 1162 1967 nescio
1188 1903 1351 1992 quomodo

176 2021 345 2099 apparent,
369 2008 590 2098 unusquisque
610 2008 813 2074 librariorum
834 2008 933 2073 fidem
955 2008 1119 2098 explorare
1139 2009 1274 2098 poterit,
1295 2011 1353 2100 qui

176 2127 352 2181 metrorum
372 2114 573 2180 immemores
592 2127 646 2180 aut
669 2115 765 2204 plane
787 2114 888 2203 ignari
912 2114 952 2180 de
971 2138 1059 2181 more
1081 2116 1310 2204 grassabantur.

222 2221 369 2310 Denique
399 2219 494 2286 huius
521 2220 567 2285 rei
593 2220 770 2286 observatio
793 2221 934 2287 multum
954 2221 1098 2311 proderit
1118 2222 1151 2287 in
1171 2222 1355 2288 diiudican-·

178 2326 227 2393 dis
258 2325 452 2393 Criticorum
483 2327 752 2405 correctionibus,
783 2327 841 2417 qui
861 2328 894 2391 in
915 2326 978 2392 hoe
998 2350 1144 2394 sermone
1164 2328 1354 2420 plusquam

178 2433 394 2501 semibarbaro
415 2455 480 2498 non
501 2455 625 2523 semper
645 2433 718 2498 satis
741 2444 913 2512 caverunt,
937 2445 972 2498 ut
991 2433 1025 2498 in
1045 2433 1156 2499 fabula
1178 2437 1253 2500 196.

402 2535 491 2602 ἅπαν
515 2537 577 2618 γὰρ
602 2539 696 2602 κνκὸν
720 2540 752 2602 οὐ
776 2539 884 2618 μικρὸν
907 2538 974 2603 οὐδὲ
998 2537 1088 2618 μέγιι

407 2643 468 2706 οὐδ’
492 2638 568 2713 ὅλως
593 2641 703 2723 πρέπει
727 2641 859 2707 κιιθόλον
884 2666 941 2706 πον
965 2646 1075 2723 φῦνιιι.

176 2748 216 2814 ln
245 2752 343 2830 Φῦνιιι
371 2768 479 2813 versus
500 2746 583 2825 ruit,
617 2746 670 2812 sed
699 2746 751 2811 isti
772 2769 838 2813 non
859 2746 1010 2812 dicebant
1030 2745 1122 2832 ἔφυν,
1145 2753 1262 2831 φῦνιιι,
1287 2751 1351 2832 φύς

178 2852 233 2922 sed
265 2852 381 2935 ἐφύην,
410 2859 547 2937 φυηνιιι,
578 2852 689 2936 ovele,
726 2876 808 2944 quae
842 2853 957 2944 passim
989 2864 1169 2920 recurrunt.
1218 2854 1355 2922 Fallitur

176 2961 277 3051 igitur
307 2960 430 3038 Funu,
463 2960 519 3050 qui
539 2971 670 3025 annotat
697 2983 788 3051 »pro
808 2965 907 3042 Φῦνιιι
930 2963 967 3024 in
993 2957 1111 3026 Codice
1130 2963 1250 3026 vitiose
1269 2967 1353 3045 φυη-

176 3070 259 3134 νιιι”.
307 3064 350 3131 alt
373 3078 483 3131 contra
513 3066 584 3132 ride
616 3090 711 3156 quarn
735 3067 921 3133 ludificetur
941 3066 1065 3132 scribae
1085 3089 1172 3132 error
1191 3066 1369 3159 Interprer

175 3185 243 3239 tem
272 3171 307 3237 in
336 3171 444 3237 fabula
473 3176 545 3238 173.
578 3172 626 3245 τίς
653 3173 684 3238 δὲ
713 3173 765 3238 τὸν
795 3170 859 3254 ὅρον
884 3171 1065 3254 προςιέξειεν
1089 3173 1308 3255 ιέντεφύσησεν
1333 3177 1351 3250 ἦ

176 3279 321 3361 χελώνη,
356 3278 408 3342 xxi
436 3277 479 3342 sai
501 3285 557 3350 τῆς
583 3276 666 3352 νίκης
686 3277 734 3350 τίς
760 3279 835 3355 ἡμῖν
861 3279 1025 3351 ἕπιδώσεις
1065 3277 1205 3342 Annotat
1226 3278 1252 3343 F
1257 3298 1352 3344 unu:

176 3381 443 3473 »ἀντεφύσηπενε
491 3381 626 3446 Mutum
645 3389 696 3445 est
720 3383 855 3446 animal
873 3382 1022 3459 testudo,
1045 3383 1179 3447 sibilum
1204 3384 1275 3447 edit
1297 3394 1352 3450 ta·

175 3513 267 3568 men,
284 3488 378 3552 *dum
407 3490 577 3575 respirat,
609 3490 670 3574 qui
696 3487 791 3575 longe
820 3488 1036 3552 exauditur.”
1083 3485 1136 3552 Sic
1166 3486 1262 3553 ctiam
1295 3490 1352 3567 iis,

176 3598 234 3689 qui
260 3606 406 3661 naturam
435 3593 620 3659 animalium
651 3592 805 3658 curiosius
835 3593 1007 3671 rimantur,
1038 3593 1097 3659 bae
1125 3592 1255 3658 fabulae
1275 3617 1353 3684 pro·

176 3705 266 3772 desse
295 3713 443 3792 possent,
476 3701 537 3766 nisi
566 3700 675 3765 critica
700 3723 749 3764 ars
769 3723 887 3765 norum
909 3698 972 3764 boc
992 3698 1186 3789 praesidium
1207 3712 1350 3789 ereptum

149 3812 247 3878 iret.
293 3807 417 3874 Fabula
447 3819 511 3886 est,
545 3807 570 3872 si
601 3807 698 3872 Musis
729 3806 855 3898 placet,
888 3806 1029 3872 metrica.
1078 3806 1181 3869 Ποδῶν
1211 3806 1352 3900 χςλώνης

174 3916 301 3996 λιιγωὸς
324 3914 502 3992 κιντεγὲιιιι.
532 3916 571 3977 Ἡ
595 3914 626 3978 δὲ
654 3914 726 3994 πρὸς
749 3914 844 3977 ιιύπὸν
869 3918 977 3977 cebro
1001 3917 1131 3989 γελῶσιν
1154 3907 1229 3991 ἔφη.
1266 3913 1351 3988 Ἐγὼ

175 4022 228 4086 τὸν
258 4017 365 4098 πιιχύν
396 4044 432 4084 σε
458 4021 488 4083 ἐν
517 4018 764 4100 δρόμῳνικησιι.
804 4021 846 4109 Ὀ-
870 4018 901 4083 δὲ
928 4016 1028 4100 ἔφησε
1056 4017 1175 4092 ταύτην
1200 4018 1245 4095 μη
1271 4018 1351 4092 ἄλη·

176 4125 284 4193 νεύειν.
311 4124 435 4214 corrige
458 4123 570 4213 igitur:

404 4229 451 4301 τίς
475 4230 506 4294 δὲ
529 4229 581 4293 τὸν
604 4225 667 4308 ὅρον
691 4226 862 4310 aposellam
886 4227 1081 4310 ιὶνπὲφησεν,

400 4336 454 4402 uxi
479 4337 521 4401 πιὶ
546 4342 602 4408 τῆς
626 4335 709 4409 νίκης
733 4334 781 4406 τίς
806 4338 881 4412 ἡμῖν
905 4335 1063 4409 ἕπιδώσει;

176 4438 301 4506 Similia
324 4440 464 4531 plurima
489 4440 545 4531 qui
569 4440 654 4507 volet
678 4462 715 4504 ex
738 4438 871 4504 caeteris
895 4438 1052 4528 colligite.

222 4544 334 4613 Unum
355 4560 478 4613 tantum
500 4547 534 4610 in
554 4543 672 4611 Codice
692 4557 807 4624 restat,
837 4544 924 4636 quod
946 4567 1032 4611 nunc
1054 4546 1186 4635 quidem
1208 4559 1255 4612 est
1275 4569 1352 4635 ope·

175 4673 231 4723 rae,
256 4654 398 4744 pretium
426 4675 619 4744 expromere.
666 4650 791 4742 Nempe
820 4674 857 4717 er
882 4674 921 4716 eo
945 4650 1061 4731 didici,
1086 4652 1173 4743 quod
1196 4652 1352 4717 Vaccus·

176 4775 298 4826 ulmus
326 4760 449 4826 dudum
481 4758 595 4825 frustra
627 4758 825 4848 quaesiverat
855 4770 887 4823 et
919 4780 1045 4837 omnes,
1077 4761 1210 4849 opinor,
1232 4757 1352 4847 absque

1124 4877 1154 4914 15
