3309 5750
805 675 871 742 221
914 731 918 735 .

586 873 746 938 κῶπικινεί
766 877 840 943 τκῒς
856 872 1017 951 κοχθνκις

582 977 635 1042 sai
660 977 753 1048 τιθείς
776 973 839 1045 νἰνῶ
864 976 974 1052 σκέλη.

238 1084 333 1156 τιθείς
353 1081 441 1148 enim*
458 1103 518 1171 pro
535 1080 640 1157 τίθης,
662 1092 697 1144 ut
717 1081 774 1152 ιἐῒς
792 1102 852 1169 pro
872 1079 936 1164 ίης,
956 1078 1070 1145 dixisse
1090 1092 1210 1147 veteres
1232 1103 1314 1148 noro
1333 1082 1417 1148 indi-

240 1188 292 1252 oio
321 1187 557 1254 demonstrabo.
598 1184 817 1252 Castotttottts
846 1208 974 1252 carmen
1006 1198 1052 1253 est
1071 1187 1156 1278 apud
1180 1186 1309 1285 Δτιιιιιι.1
1326 1188 1363 1253 Χ.
1382 1214 1435 1279 Ρ..

241 1296 355 1359 tour.
374 1294 535 1359 laborioso
554 1291 689 1357 artifieio
709 1291 879 1380 seriptum,
904 1290 990 1381 quod
1013 1291 1212 1361 denudatus
1232 1294 1277 1359 ita
1297 1291 1416 1359 descri-

243 1397 308 1463 bit:
344 1405 403 1464 τῶν
438 1400 535 1464 ποδῶν
570 1395 681 1469 ἕκκςος
719 1394 799 1469 θ’λοις
836 1382 965 1476 θνθμοισι
1001 1400 1258 1480 περιειλημμένος
1292 1398 1417 1472 ποίντοις

239 1502 348 1582 ὁμοίως
378 1502 580 1581 ἡγεμονικοὺς
610 1501 663 1567 aei
693 1501 948 1577 ἀκολουθητικοὺς
978 1500 1047 1583 ἔχει
1076 1505 1146 1576 τοὺς
1173 1503 1287 1576 πθδοιςι
1306 1504 1415 1595 itaque

240 1608 357 1672 τούτων
385 1604 496 1678 ἕκκςος
526 1612 585 1670 τῶν
617 1606 714 1670 ποδῶν
742 1607 781 1677 ῶς
808 1604 847 1670 θιν
875 1615 915 1688 τῇ
945 1607 1036 1685 τυίξει
1067 1610 1120 1693 θῇς
1142 1610 1177 1673 τδ
1204 1611 1281 1675 atiud
1305 1610 1415 1690 μέτρον

239 1713 404 1778 οὶποδῶσει.
432 1710 590 1778 'Carmen
612 1710 677 1775 hoo
700 1722 766 1776 est:

420 1818 464 1882 Σὲ
487 1817 539 1881 τὸν
562 1803 668 1908 βθλοις
693 1800 896 1897 νιφοκτύποις
920 1817 1123 1902 δυσχείμερον

418 1921 528 1987 νιιίονθ’
549 1918 634 1995 ἕδος,
659 1919 802 2001 θηρονόμε
826 1921 916 1997 Πίον,
940 1923 1028 2003 χθθν’
1050 1924 1229 2008 Ἀρκιέδοιν,

417 2030 524 2109 κλῄσω
547 2032 659 2108 γριιφῇ
683 2029 751 2110 τῇδ’
775 2030 806 2093 ἐν
831 2034 915 2114 σοφῇ
938 2028 1113 2109 πῶγκλειτ’
1135 2030 1195 2109 ἔπη
1221 2059 1223 2063 ·

240 2180 246 2189 ,
355 2146 357 2152 “
418 2132 553 2230 συνθείςὲ
576 2131 675 2212 daal,
701 2135 867 2212 δυογνιοςθι
891 2136 936 2215 μη
960 2143 1069 2217 σοφοῖς
1092 2136 1214 2224 κλιίειν,
1323 2163 1325 2169 ·

265 2227 270 2238 '
367 2279 369 2282 v
418 2235 603 2314 μουσοπόλε
618 2238 669 2317 θηρ
693 2237 919 2319 κηρθχντονδς
943 2241 1093 2320 μείλιγμ’
1115 2240 1173 2318 ίης.
1259 2268 1262 2274 ·
1373 2321 1375 2324 Ι
1405 2240 1408 2247 ’

186 2408 187 2411 ,
239 2351 443 2426 nontamen
468 2342 552 2407 intra
576 2340 633 2407 hos
654 2343 734 2419 fines
754 2344 897 2409 constitit
917 2343 1056 2410 hominis
1076 2346 1297 2427 μικροτεχνίιιε
1322 2345 1411 2412 dedit

240 2466 389 2539 operam,
420 2460 456 2513 ut
477 2448 509 2514 in
529 2448 660 2538 singulis
683 2448 822 2539 dipodiis
841 2449 927 2515 idem
946 2462 1027 2515 esset
1046 2449 1224 2515 litterarum
1243 2473 1413 2530 numerus,

241 2553 328 2645 quod
357 2554 557 2621 dunstatus
585 2555 628 2620 ita
653 2554 790 2619 iudicat:
815 2556 875 2620 τῶν
900 2557 998 2620 ποδῶν
1017 2552 1129 2626 έκκςθς
1156 2556 1201 2621 ἐτι
1231 2555 1415 2634 δεκκγροίμ-

240 2685 362 2741 μκτος,
393 2673 425 2727 at
443 2661 650 2752 vquicumque
681 2683 848 2727 numerare
877 2660 990 2727 didicit
1015 2658 1170 2725 concedet
1188 2658 1269 2745 milri
1289 2661 1414 2747 ἑνδεκοι-

239 2767 432 2847 γρυίμμοιτος
457 2790 524 2833 esse
548 2766 803 2845 emendandum,
827 2765 944 2844 deiude
966 2789 1075 2846 omnes
1096 2764 1273 2831 scribarum
1293 2787 1415 2847 errores

239 2870 280 2937 ad
306 2859 394 2938 hane*
414 2871 520 2941 luoem
547 2873 653 2941 statim
685 2871 979 2965 deprehendemur:
1003 2871 1112 2938 νικῶνθ’
1139 2869 1204 2944 ἕδος
1226 2870 1415 2939 emendetur

239 2978 274 3045 in
304 2979 413 3044 ναίονθ’
438 2978 542 3062 ἕδρκνι
565 2983 670 3063 κλρίσω
695 2987 806 3064 γρκφῇ
829 2977 926 3065 habet
946 3000 1042 3043 unam
1065 2975 1227 3059 literalem
1247 2976 1416 3067 abundan-

241 3096 326 3165 tem,
358 3107 432 3157 nam
466 3098 498 3153 et
526 3110 535 3153 t
565 3108 735 3152 numerum
765 3086 859 3165 feeit,
890 3096 926 3150 ut
955 3087 988 3150 in
1016 3085 1096 3159 τῶδ’
1128 3087 1158 3149 ἐν
1185 3091 1296 3168 σοφηιι
1320 3085 1416 3171 facile

238 3188 416 3255 remedium
440 3201 506 3255 est:
531 3189 663 3260 terbum
683 3191 875 3256 celebrandi
892 3212 957 3254 non
977 3200 1024 3254 est
1045 3188 1159 3275 κλείει,
1185 3191 1288 3254 multo
1309 3192 1416 3273 minus

239 3297 344 3376 κλρίυ,
377 3294 429 3360 sed
460 3296 560 3370 κλέυ,
587 3295 672 3363 unde
692 3296 793 3368 κλέος.
839 3294 932 3361 lones
953 3293 1105 3359 dicebant
1123 3292 1287 3374 interdum
1302 3296 1414 3378 κλείοις

242 3410 279 3462 ut
297 3396 426 3471 τελείυ,
459 3399 589 3465 νεικείωι
613 3400 723 3490 itaque
752 3401 858 3476 κλιθσιι
885 3398 1060 3474 οῑέκλησκ
1087 3396 1205 3463 Graeca
1228 3409 1322 3482 suut,
1349 3420 1416 3464 non

240 3504 359 3578 κληισυ
380 3513 411 3567 et
423 3500 572 3581 έκληισκ,
589 3515 621 3570 et
640 3506 744 3580 κλησο
758 3509 881 3586 γρκφῆι
897 3503 995 3570 hahet
1011 3503 1220 3569 constitutum
1238 3502 1417 3586 litterarum

239 3631 422 3676 numerum:
442 3613 550 3683 σοφοῖς
571 3609 676 3675 κλθειν
693 3620 725 3676 et
744 3609 921 3688 μουσοπόλε
939 3611 990 3689 θήρ
1010 3606 1130 3674 trabem
1150 3609 1270 3675 litteras
1292 3609 1417 3699 duodo·
1480 3688 1482 3693 Ι

211 3781 213 3785 ,
241 3738 312 3792 nas,
332 3726 363 3779 at
378 3711 520 3780 Solensis
539 3719 636 3804 potita
656 3712 829 3794 θποδυρίζει
850 3724 882 3778 et
902 3713 995 3779 κλθεν
1014 3724 1046 3778 et
1064 3713 1230 3791 μωοιπθλε
1247 3716 1298 3795 θήρ
1318 3714 1418 3783 dedit.

242 3820 393 3910 Superest
423 3819 457 3884 id
486 3819 708 3910 quamobrem
724 3817 803 3883 haee
829 3817 1012 3884 attulimus:
1038 3818 1071 3883 in
1094 3818 1243 3897 μείλιγμ’
1265 3817 1312 3895 ίης
1333 3822 1417 3910 perit

236 3925 410 3993 artificium
429 3927 490 3991 uisi
510 3927 690 4016 legitimum
709 3924 890 3997 litterarum
910 3946 1077 3991 numerum
1099 3923 1274 4013 supplebis.
1324 3924 1416 3993 Satin

239 4041 364 4096 eertum
389 4044 435 4096 est
461 4033 518 4104 ἱεῖς
548 4055 615 4098 esse
643 4056 661 4097 a
680 4039 779 4122 potita
801 4030 984 4121 seriptum?
1009 4031 1049 4097 ad
1071 4031 1251 4098 Luctsuuu
1270 4055 1414 4100 reversus

239 4138 274 4203 in
294 4135 442 4225 sequenti
461 4137 601 4204 carmine
623 4145 682 4217 81,
707 4145 737 4204 5.
757 4137 837 4218 πρῶ.
852 4137 967 4227 supple
987 4143 1110 4220 προτοῦ.
1133 4162 1175 4205 vs.
1199 4142 1251 4205 16.
1270 4142 1331 4218 ἐγὼ
1350 4141 1414 4223 γδρ

239 4242 322 4309 οὐδέν
348 4243 412 4320 είμι
436 4242 545 4308 τούτου
568 4243 646 4324 δίχοι
669 4241 901 4322 μθνηόιιιοιιιίο
925 4245 1013 4309 οὐδέν·
1033 4244 1099 4322 είμί
1121 4267 1167 4309 σοι
1189 4244 1298 4308 τούτου
1318 4244 1413 4326 δίχκ,

242 4359 402 4439 expuncto
423 4347 512 4426 μθνη.
535 4347 698 4415 κε.22.,τί.
715 4353 823 4416 τοῦτο
843 4355 993 4432 φλυκρῶ,
1017 4349 1139 4438 corrige
1155 4348 1188 4412 τί
1203 4352 1297 4413 τοῦτ’
1312 4351 1411 4417 etsta.

242 4478 286 4520 vs.
318 4457 370 4519 26.
400 4452 561 4518 οίντέδοικοι
591 4457 716 4527 τοῦτον,
753 4452 818 4517 imo
850 4475 923 4518 vero
952 4452 1121 4518 οὶντέδκκον
1149 4452 1255 4518 κῶτθν.
1290 4477 1330 4520 vs,
1361 4460 1414 4520 59.

238 4559 375 4636 πῶγωνκ
405 4556 520 4622 τίλλε
546 4562 697 4639 κουριῶν
723 4558 776 4623 ὑπ’
806 4557 952 4632 ῶλένοιις,
978 4555 1048 4645 lege
1075 4557 1184 4635 τίλλου
1207 4559 1333 4639 κουρέων
1359 4560 1413 4623 ὑπ’

237 4662 376 4735 ῶλένιιις.
420 4660 460 4730 In
480 4663 716 4752 Epigrammate
736 4666 766 4729 2.
785 4687 826 4740 rs.
848 4666 879 4730 8.
898 4662 1002 4728 scribe
1019 4661 1163 4744 ἐτρέφετ’
1184 4672 1216 4727 et
1237 4664 1285 4726 rt.
1303 4659 1409 4742 χοῶτυ

238 4767 312 4864 μέν.
345 4766 454 4858 Epigr.
485 4769 534 4835 11.
564 4771 666 4866 5⁸22·
688 4767 821 4857 πλείονοι
850 4775 910 4859 τῶν
935 4768 1074 4861 ιὶγμθῶν.
1111 4767 1218 4858 Epigr.
1240 4769 1296 4838 23.
1315 4786 1358 4848 us.
1382 4770 1411 4832 l.
