3309 5750
752 649 795 712 63

226 836 331 925 ilpist.
354 838 409 901 55.
445 829 639 913 εῖσέφρνσαε
676 835 801 891 reicies
831 822 955 890 addunt
984 821 1130 902 inaurire.
1153 859 1198 872 -
1226 827 1283 887 τυῖ
1313 843 1370 884 xx·

185 943 335 1025 σιιχῖεένυ
370 937 512 1020 lidrico:
549 942 673 1000 veteres
713 930 780 997 irc
815 949 920 1016 neque
964 929 1160 1008 καταχθῆναι
1201 945 1239 992 ec
1272 943 1370 991 sensu

186 1046 396 1134 usurpabant.
433 1083 478 1098 -
508 1040 562 1107 καὶ
599 1037 745 1119 concipere
787 1035 969 1119 ἐμφάγοιμι
1001 1034 1111 1113 udone:
1146 1033 1282 1120 pessime
1322 1032 1372 1096 εὖ·

186 1152 297 1234 καίριος
334 1149 440 1237 posuit
471 1167 531 1234 pro
558 1146 612 1212 ἐτῖ
648 1151 780 1225 σχολῆς.
839 1142 999 1207 Damnant
1038 1139 1182 1205 unanimi
1215 1151 1374 1203 consensu

193 1258 340 1344 llaginri
382 1252 524 1335 εὖοιαιρῖιι
564 1269 624 1337 pro
661 1251 791 1330 σχολή,
835 1248 987 1328 εὐκαιρεῖν
1019 1265 1077 1332 pro
1109 1247 1228 1326 σχολὴν
1258 1241 1372 1320 ἄγειν,

191 1363 257 1429 rid.
287 1363 509 1430 rationum,
544 1355 704 1420 Moenus»
733 1362 766 1419 et
802 1353 963 1439 imprimis
999 1351 1115 1417 Snmnu
1142 1369 1171 1414 ν.
1208 1350 1311 1430 σχολή
1341 1355 1374 1414 et

194 1466 380 1549 σχολάζειν.
430 1462 586 1528 Admonet
611 1458 652 1525 de
677 1457 787 1526 cadem
810 1457 1000 1541 ιὶκυρσλογέμ
1031 1462 1091 1522 τῶν
1115 1462 1240 1522 πολλῶν
1271 1453 1372 1518 inler-

193 1592 272 1659 pres
300 1570 341 1637 ad
366 1570 511 1634 l’caroms
540 1564 798 1651 Ευιέιγρῖσυυουι
832 1583 904 1651 pag.
930 1567 963 1629 θ.
988 1583 1016 1628 c.
1075 1561 1184 1648 Neque
1212 1561 1374 1643 ἐμφαγεῖν

195 1676 277 1743 liene
301 1673 417 1740 habet:
448 1670 526 1737 niort
549 1672 657 1738 minus
680 1669 774 1737 lnorno
800 1669 932 1758 parabat
956 1685 1054 1755 quam
1085 1668 1270 1750 ἐμφαγεῖν,
1289 1661 1374 1750 quod

194 1779 357 1866 signilicat
387 1777 501 1862 raptim
532 1777 653 1864 aliquid
674 1777 736 1843 ridi
764 1796 894 1863 copore,
920 1783 951 1840 et
978 1773 1031 1839 ille
1062 1791 1096 1838 sc
1128 1791 1185 1858 per
1208 1789 1373 1836 summurn

192 1886 295 1951 ntium
313 1882 511 1968 ingurgitare
530 1881 612 1948 cibis
628 1881 716 1948 lurto
738 1881 860 1969 paratis
879 1879 1014 1946 volebat.
1049 1879 1234 1960 Ἐμφιιγεῖν
1257 1875 1373 1942 dicun·

191 1987 334 2065 tntilli,
354 1988 409 2074 qni
430 1987 463 2051 in
483 1987 593 2073 aliqua
618 1986 831 2073 trepidatione
853 1994 910 2052 aut
935 1983 1077 2051 tumultu
1101 1985 1287 2072 [ειιῖιιυυια
1307 1979 1374 2046 cido

189 2094 298 2181 nliqoo
318 2113 352 2158 sc
373 2091 539 2179 rapiciani,
561 2091 628 2158 rid.
652 2092 864 2158 llescnncnrrs
887 2090 1009 2157 Helico.
1034 2090 1089 2158 iv.
1113 2109 1142 2154 v.
1167 2094 1198 2154 8.
1221 2097 1287 2163 τοῖς
1316 2089 1374 2166 μέν

189 2199 302 2273 ἄλλοις
327 2194 414 2263 εἶτεν
437 2198 638 2280 ἐμφαγοῦσιν
665 2193 730 2263 ὅτι
753 2198 891 2264 δύναιντο
920 2195 1001 2275 ἥκειν
1020 2199 1077 2271 τὴν
1098 2195 1258 2278 ταχῖτνν,
1281 2194 1374 2268 αὐτὸς

181 2306 224 2372 di
249 2306 405 2389 ὑφηγεῖτο
427 2299 580 2379 dedocere.
626 2299 672 2366 Gi.
696 2301 795 2368 Αιιιιέν.
821 2302 874 2369 lv.
894 2321 927 2367 tr.
950 2308 985 2378 1,
1017 2300 1069 2366 iv,
1087 2321 1116 2366 r.
1140 2305 1171 2366 8.
1197 2299 1250 2366 ubi
1271 2299 1376 2385 legen·

191 2410 294 2478 dum:
326 2406 431 2482 incidi
466 2406 493 2470 δ’
528 2405 703 2488 ἐμφάγοιεν
732 2427 789 2493 pro
811 2407 844 2472 δέ
867 2429 897 2472 τι
927 2404 1125 2487 ἐμφάγοιεν,
1148 2425 1220 2470 nam
1245 2404 1376 2491 perinde

193 2524 243 2584 est
264 2519 387 2599 φαγεῖν
411 2536 442 2577 τι
466 2519 498 2577 ei
521 2511 705 2593 ἐμφαγεῖν,
739 2519 775 2577 ui
800 2518 882 2577 τιεῖν
904 2535 935 2576 τι
961 2518 991 2576 cl
1025 2512 1159 2589 ἐμτιεῖν.
1205 2509 1318 2595 licque
1342 2511 1377 2576 iu

195 2618 387 2709 Cyropccdic
406 2616 488 2683 vill.
511 2638 532 2682 ι.
556 2620 611 2683 44.
639 2618 746 2704 potior
774 2627 823 2683 est
853 2615 1015 2702 scriptura
1043 2615 1088 2686 ἐτ’
1114 2614 1153 2680 ὃν
1182 2614 1316 2698 φιέγυιέν
1346 2640 1376 2682 τι

183 2745 293 2815 ‘quam
308 2724 354 2795 ἔτ’
371 2721 547 2806 ἐμφάγοιέν
571 2746 612 2789 τι,
659 2720 812 2788 Eiusdem
835 2721 929 2810 plane
952 2723 1079 2808 generis
1102 2730 1151 2788 est
1173 2724 1317 2800 ἐμπιεῖν,
1342 2730 1378 2788 ut

194 2833 230 2900 iu
267 2830 377 2918 Oyrnp.
402 2827 484 2895 vill.
512 2849 533 2894 ι.
565 2834 595 2894 1.
628 2830 843 2913 προσήνεγκαν
876 2831 902 2896 οῖ
934 2828 1115 2913 ῖεριέτοντες
1138 2829 1301 2913 ἐμφογιῖν
1324 2827 1376 2895 cai

194 2941 319 3021 ἐμπιεῖν
339 2935 384 3001 ἔτι
398 2930 479 3001 οὖσιν
490 2935 578 3017 ἀμφὶ
598 2935 642 3001 τὰ
658 2935 736 3018 cepo,
752 2943 785 3002 et
803 2935 852 3007 illi
865 2944 988 3003 stantes
1004 2934 1043 3001 ad
1061 2954 1149 3001 arum
1167 2935 1284 3021 raptim
1307 2933 1378 3000 cibo

195 3050 336 3133 potuque
355 3060 487 3126 corpore
509 3040 668 3108 reficiunt.
716 3042 884 3109 Praeterea
903 3042 1043 3120 ἐμπῖνειυ
1060 3041 1182 3108 dicitur
1204 3039 1249 3119 is,
1266 3041 1322 3127 qui
1343 3060 1378 3107 se

178 3148 319 3238 poculis
339 3149 453 3215 invitat
485 3147 712 3233 complusculis
733 3155 765 3213 et
787 3149 881 3233 genio
905 3148 1071 3233 indulget,
1100 3156 1213 3234 estque
1244 3144 1378 3212 verbum

191 3257 328 3344 plenum
359 3251 543 3318 festivitatis
572 3259 605 3317 et
627 3251 822 3329 hilaritatis,
847 3251 932 3338 quod
960 3253 993 3317 in
1017 3254 1162 3318 convivio
1193 3251 1379 3338 laetitiaque

195 3367 385 3449 perpetuam
406 3357 512 3424 sedem
535 3355 640 3422 habet.
686 3357 825 3423 Conviva
848 3366 940 3422 satur
962 3357 1045 3443 apud
1067 3358 1264 3423 Enemase!
1282 3357 1380 3424 drur-

196 3485 268 3531 ninr
291 3463 343 3529 Vl.
370 3465 447 3530 236.
465 3463 501 3528 A.
536 3461 643 3527 τοιιιια
666 3463 885 3544 καταφαγὼν,
919 3461 1014 3527 τέιιιῖ
1041 3463 1158 3540 incido
1179 3481 1197 3526 a
1220 3478 1318 3526 coena
1345 3482 1380 3529 oe

187 3568 313 3655 recipit
341 3568 483 3634 domum.
532 3565 716 3633 dbsurdum
745 3575 829 3632 esset
859 3566 890 3630 in
915 3584 952 3632 ea
976 3586 1012 3633 rc
1036 3569 1210 3650 ἐμφογῖν,
1232 3567 1286 3632 cui
1306 3586 1379 3633 con·

196 3675 337 3742 tranium
357 3683 405 3741 est
429 3675 538 3741 inliso
562 3674 594 3747 ἐς
616 3671 720 3756 κάμνε
744 3672 827 3758 quod
857 3690 957 3758 prum
985 3680 1094 3739 noster
1120 3670 1225 3739 lacere
1253 3681 1381 3759 peraret

197 3781 233 3849 in
262 3779 444 3863 ῖμφιέγοιμι
477 3788 535 3846 aut
558 3780 728 3845 Acerranos
756 3779 877 3844 erravit
900 3786 957 3845 aut
985 3777 1118 3845 scribae.
1149 3780 1225 3861 §2
1255 3780 1381 3846 αῖσιιῖσ·

197 3909 286 3969 geo:
311 3886 407 3954 scrib.
435 3888 623 3967 iiidcccxciv.
645 3922 691 3933 —
714 3888 808 3950 κεῖῖιε
834 3884 1012 3951 Houcnrcnu
1037 3906 1094 3972 pro
1117 3888 1190 3952 ἐκεῖ.
1213 3883 1288 3966 §5-
1316 3894 1380 3962 τοῖς

195 3992 439 4073 cinomannico:
473 3991 592 4058 excidit
611 3992 698 4064 troie.
723 4030 765 4042 -
786 3992 839 4057 καὶ
871 3994 924 4058 cdx
959 3989 1122 4074 ἦςόχνσοτ
1146 3992 1240 4058 cuius
1271 4012 1383 4079 preces

183 4096 420 4164 exaudiuntur
442 4096 556 4163 melius
585 4095 711 4163 dicetur
735 4099 988 4180 retirement,
1014 4116 1109 4183 quiam
1138 4101 1193 4163 οὐκ
1211 4101 1382 4180 υῖςοχῖσοιι.

206 4238 209 4257 =
248 4202 426 4288 Epictiti.
450 4204 493 4275 εἰς
516 4201 591 4284 μέρν
615 4202 823 4286 κατερρωγέςι
862 4203 977 4269 melius
1000 4222 1064 4268 uno
1090 4203 1185 4269 verho
1214 4205 1382 4288 διερρυγές.

201 4305 272 4396 Si.
307 4307 399 4382 atton
422 4310 573 4390 ἕχρῶυτυι
595 4309 676 4374 mire
705 4308 828 4374 dictum
857 4329 914 4395 pro
934 4308 1092 4387 totino.
1114 4310 1217 4395 magis
1240 4311 1382 4385 mirum,

202 4411 360 4498 quomodo
391 4413 451 4480 hoc
478 4411 583 4479 lacere
615 4415 786 4500 potuerint.
822 4412 901 4492 Sd.
939 4415 1039 4492 ἤμυνε
1064 4414 1303 4482 llacedonicum
1328 4434 1387 4501 pro

194 4514 346 4601 .tiv..§4.
369 4520 444 4585 ἀλλ’
463 4523 516 4586 οὐκ
538 4518 572 4598 ἦν
595 4521 801 4601 Λακεδαίμων
824 4523 855 4587 ἐν
874 4519 893 4603 ᾖ
912 4522 1001 4588 τοῦθ’
1019 4519 1185 4601 ὑπέμενον,
1203 4523 1279 4585 ἀλλ’
1296 4520 1386 4593 Ἀθῆ-

206 4646 255 4689 νοιι
279 4622 331 4690 ιιοιὶ
358 4632 415 4690 τοῖν
434 4628 575 4703 Ἀθήνησι
599 4628 755 4706 κυβευτῶν
783 4630 808 4694 οἱ
832 4627 1038 4705 ἐξυλέςιιτιιε
1064 4625 1168 4692 dicam
1193 4625 1270 4710 quid
1296 4626 1383 4690 dcci·
