3309 5750
792 640 857 703 275

242 834 319 903 Tab.
343 833 397 903 vl.
418 839 448 901 2.
471 834 536 900 οξτο
559 832 736 915 βαρυτόνων
760 844 792 898 et
813 832 853 899 V.
874 836 924 900 18.
946 832 1000 898 ubi
1021 835 1187 926 componit
1207 838 1415 931 compendia,

242 942 359 1034 quibus
377 941 444 1007 οὲιτό
461 952 493 1006 et
514 939 574 1006 ὑτό
591 940 781 1006 scribuntur.
813 937 1084 1029 Compendiolum
1105 941 1203 1022 illud,
1220 946 1293 1035 quia
1312 947 1416 1013 forma

243 1048 481 1140 quodammodo
502 1047 598 1112 refert
619 1047 758 1112 litteram
779 1047 811 1128 ζ,
832 1048 951 1113 lactum
975 1061 1022 1113 est
1045 1061 1079 1112 ut
1096 1050 1218 1115 scribae
1239 1052 1416 1118 dormitan-

242 1166 289 1219 tes
317 1177 375 1244 pro
403 1153 468 1219 οὶτό
491 1153 723 1245 scriberent&
750 1164 786 1216 ut
805 1152 890 1242 apud
913 1152 1047 1219 Surum
1067 1178 1094 1219 r.
1115 1155 1192 1220 ἴστον
1213 1157 1245 1220 in
1268 1157 1417 1239 omnibus

244 1257 416 1326 codicibus
443 1271 490 1324 est
518 1258 569 1323 ἔτι
595 1260 654 1321 τῶν
675 1256 857 1339 ζλοχόντοιν
887 1283 945 1349 pro
973 1259 1214 1339 οὶτολοιχόντοιν.
1264 1262 1418 1327 Ridemus

242 1366 489 1445 homunciones,
522 1364 579 1453 qui
607 1364 653 1428 sie
681 1385 784 1442 errare
803 1377 958 1453 possunt,
978 1363 1033 1429 sed
1057 1386 1121 1430 nou
1141 1364 1204 1430 leri
1224 1366 1419 1433 detrimento

240 1472 328 1538 idem
360 1494 448 1538 error
476 1470 726 1535 Dertostuunutt
757 1470 880 1551 abiecit,
913 1465 1009 1562 quem
1044 1469 1162 1536 ridebo
1194 1496 1234 1537 au
1263 1475 1419 1563 castigare

239 1579 369 1671 possim.
417 1576 532 1641 Editur
551 1599 584 1665 p.
605 1580 646 1641 49
658 1625 667 1655 ,
693 1583 742 1643 18.
765 1583 824 1642 τῶν
846 1580 904 1656 μὲν
922 1576 1097 1659 χρημάτων
1119 1579 1207 1643 αὐτοὶ
1228 1580 1344 1658 raptas
1363 1578 1417 1644 κοιὶ

241 1683 370 1764 τοριςιιι
390 1682 584 1760 γιγνόμενοι,
607 1688 667 1745 τῶν
691 1682 723 1747 δὲ
746 1680 887 1763 πράξεων
909 1684 996 1763 ταρὰ
1024 1687 1079 1746 τοῦ
1106 1689 1266 1763 ςροιτιιγοῦ
1285 1686 1338 1750 τὸν
1364 1682 1419 1749 λδ·

241 1811 297 1868 γον
318 1789 498 1869 ζητοῦντες,
533 1787 670 1877 pessime
696 1800 866 1877 corruptae
892 1787 1078 1855 Graecitatis
1097 1798 1145 1852 est
1167 1791 1270 1871 ζητεῖν
1298 1811 1419 1880 ponere

240 1915 301 1984 pro
322 1902 456 1982 petere,
488 1904 543 1956 aut
563 1914 705 1983 poscere
730 1892 774 1980 ¹):
810 1893 889 1984 quid
918 1894 1048 1960 multa?
1083 1891 1217 1958 emenda
1242 1896 1295 1960 τὸν
1324 1893 1419 1972 λόγον

241 2002 451 2069 ἀπαιτοῦντες
475 2008 510 2062 ut
529 2023 562 2088 p.
587 2003 668 2077 308,
690 2002 743 2064 23.
766 2007 822 2073 τῆς
838 2001 1015 2081 ςριιτηγίοις
1034 1997 1086 2077 ἔμ’
1102 2000 1252 2072 inuersis
1274 2000 1419 2083 εὐθύναις,

241 2115 273 2169 et
302 2128 335 2193 p.
356 2106 439 2181 868,
460 2111 489 2168 5.
523 2107 583 2183 ἐγὼ
614 2106 640 2170 δ’
672 2107 758 2177 εὐθὺς
786 2104 881 2183 λόγον
906 2108 1062 2187 ἀντῄτουν,
1091 2116 1124 2170 et
1156 2104 1244 2170 alibi.
1292 2104 1418 2195 Nempe

241 2209 397 2297 scriptura
428 2220 517 2273 vetus
542 2212 719 2291 ζοιτοῡντες
739 2232 798 2299 pro
819 2212 1029 2281 ἀπαιτοῦντες
1050 2212 1177 2276 causam
1197 2209 1346 2301 praebuit
1368 2230 1419 2275 er-

240 2313 343 2380 randi.
392 2314 532 2379 Primum
565 2315 662 2404 igitur
689 2338 724 2378 ex
752 2314 936 2403 compendii
965 2316 1175 2382 similitudine
1204 2318 1270 2381 οὲτό
1299 2328 1330 2381 et
1360 2313 1421 2381 rin-d

243 2419 399 2485 sexcentis
430 2420 464 2483 in
492 2420 572 2485 locis
603 2421 687 2485 inter
706 2442 739 2484 se
758 2431 998 2509 permutantur,
1022 2444 1106 2510 quae
1127 2445 1176 2486 res
1196 2445 1260 2487 non
1280 2422 1419 2487 multum

243 2525 352 2591 damni
380 2527 572 2615 peperisset,
608 2528 640 2591 ni
671 2524 817 2591 homines
847 2525 935 2590 docti
967 2524 1043 2591 hinc
1076 2526 1260 2615 opinionem
1291 2528 1420 2591 inanem

242 2633 445 2699 imbibissent
463 2633 597 2723 perinde
627 2655 692 2697 esse
714 2633 746 2696 in
769 2630 878 2710 multis
900 2643 1008 2696 utrum
1028 2633 1152 2697 dardan
1174 2633 1233 2697 ὑπό
1253 2631 1418 2697 scribatur.

244 2738 419 2828 Utriusque
451 2740 535 2803 enim
567 2738 810 2829 praepositionis
841 2738 1032 2826 significatio
1063 2750 1093 2803 et
1126 2760 1200 2810 usus
1231 2749 1294 2803 tam
1326 2737 1420 2804 certis

243 2843 362 2910 linibus
383 2855 456 2909 sunt
476 2843 714 2934 circumscripta
740 2855 774 2909 ut
797 2865 974 2933 numquam
995 2843 1094 2908 altera
1115 2843 1148 2908 in
1170 2842 1300 2909 alterius
1321 2841 1419 2908 ditio·

243 2973 319 3016 nem
349 2962 545 3041 transrepere
572 2951 671 3040 possit
706 2951 784 3041 quin
821 2950 943 3015 malum
973 2962 1005 3016 et
1036 2949 1122 3015 fraus
1152 2949 1419 3040 deprehendatur.

242 3056 356 3146 Itaque
375 3077 469 3121 nemo
494 3078 646 3146 umquam
668 3055 785 3120 dubius
805 3054 967 3134 haerebit,
992 3055 1048 3145 qui
1070 3059 1239 3146 utramque
1259 3068 1345 3123 recte
1367 3057 1419 3122 iu-

242 3162 384 3250 telligat,
418 3174 525 3224 utrum
555 3160 620 3224 οὶττό
650 3182 690 3224 an
725 3160 785 3225 ὑτό
816 3161 855 3225 sit
886 3159 1090 3225 retinendum
1121 3185 1161 3226 au
1192 3161 1418 3228 reuocandum.

243 3266 337 3335 Certa
359 3275 413 3329 est
444 3264 565 3352 ubique
596 3266 685 3353 optio
716 3286 820 3353 neque
849 3264 914 3328 ulla
940 3267 1133 3354 permutatio
1152 3291 1210 3356 per
1231 3266 1418 3333 Graecitatis

242 3370 405 3460 ingenium
428 3368 496 3432 fieri
517 3380 631 3457 potest.
672 3367 796 3435 Scribis
817 3368 898 3433 nihil
921 3367 1034 3433 horum
1054 3384 1258 3460 perspectum
1281 3383 1337 3436 est.
1376 3368 1418 3435 Ut

242 3496 333 3543 casus
361 3487 392 3539 et
420 3473 546 3538 fortuna
568 3473 629 3538 lert
651 3473 715 3537 ιὲπό
735 3496 791 3563 pro
812 3475 872 3538 ὑπό
892 3474 1035 3538 scribunt
1057 3487 1111 3538 aut
1130 3488 1251 3541 contra.
1300 3473 1419 3539 Passim

242 3597 379 3672 utraque
400 3581 496 3646 lectio
511 3580 548 3645 in
567 3581 655 3646 libris
675 3591 736 3644 est:
759 3580 847 3645 docti
868 3581 975 3645 nescio
992 3581 1155 3669 quomodo
1174 3603 1419 3671 nonnumquam

242 3692 355 3758 vitium
384 3688 523 3765 tollunt,
557 3688 681 3778 saepius
701 3686 793 3752 rideo
814 3687 1038 3764 conniventes,
1070 3688 1159 3776 quasi
1180 3687 1261 3752 nihil
1280 3687 1320 3752 sit
1341 3707 1418 3776 pec·

242 3809 358 3864 catum.
407 3795 473 3861 lam
503 3795 605 3860 multa
635 3794 779 3883 exempla
809 3815 903 3884 supra
932 3793 1047 3883 passim
1072 3793 1301 3873 indicarimus,
1326 3793 1419 3882 plura

242 3902 354 3969 ordine
374 3900 577 3967 enumerabo.
602 3905 641 3980 8,
661 3904 700 3979 6,
722 3905 752 3967 l.
776 3900 809 3964 τί
829 3901 892 3981 γὰρ
908 3898 946 3964 ἂν
965 3899 1018 3963 nol
1037 3899 1144 3971 colloss
1169 3901 1262 3965 δεινὸν
1278 3898 1341 3964 ἀπὸ
1362 3901 1417 3962 τοῦ

240 4005 435 4084 eruderemus
467 4030 525 4098 pro
553 4007 622 4072 bord.
667 4011 703 4082 8,
723 4011 758 4087 9,
781 4011 811 4073 2.
843 4010 998 4084 μαλακῶς
1024 4005 1088 4069 ἀπὸ
1117 4009 1176 4067 τῶν
1201 4005 1308 4068 ὠδίνων
1332 4001 1416 4082 ἔχει,

240 4114 302 4204 leg.
331 4111 401 4177 ὑτό.
436 4115 475 4191 9,
495 4115 535 4191 6,
556 4118 586 4178 3.
612 4111 713 4178 Codd.
740 4115 794 4180 ἆτ’
825 4151 873 4164 -
895 4114 959 4176 ὑπ’.
999 4115 1057 4188 15,
1078 4111 1131 4173 20.
1155 4110 1208 4173 ὑπ’
1233 4107 1347 4189 οὶργιόι
1371 4141 1418 4156 -

243 4219 307 4285 ΑΒ.
336 4219 395 4282 ἆτ’
417 4217 545 4299 sipylus,
592 4220 648 4296 16,
669 4221 722 4283 28.
753 4219 864 4290 ιιυιινος
891 4219 954 4283 ἕςιν
984 4216 1048 4279 clari
1071 4220 1131 4278 τῶν
1152 4211 1319 4292 ςιγμοὲτιον
1347 4209 1418 4299 lege

241 4323 311 4389 tired.
338 4326 397 4403 24,
417 4327 447 4388 2.
472 4324 530 4387 ἆτ’
544 4323 639 4387 αὐτοῦ
660 4321 721 4410 leg.
743 4322 796 4385 ὑπ’
811 4323 920 4385 αὐτοῦ.
947 4322 1000 4396 27,
1020 4322 1049 4384 2.
1071 4315 1172 4382 Codd.
1192 4318 1250 4381 olor*
1266 4319 1418 4381 αὐτοῦ-

242 4429 295 4494 ὑπ’
311 4430 419 4495 οὐτοῦ.
445 4432 505 4507 et,
528 4429 580 4494 15.
605 4433 680 4492 νοοῦν
700 4426 763 4491 dard
777 4431 832 4490 τοῦ
851 4425 966 4504 οένέμου
985 4423 1242 4509 κατουρουμένην,
1261 4423 1417 4488 imovero

260 4596 503 4612 ,.....--—

278 4676 299 4747 1)
315 4680 375 4731 Non
392 4668 535 4732 reeordatus
552 4689 590 4734 est
605 4683 681 4734 huius
698 4697 758 4733 usus
771 4681 943 4733 Benenaenr
960 4678 992 4729 od
1009 4677 1115 4730 Sumsit
1133 4695 1157 4729 τ.
1173 4676 1297 4747 Apionos
1311 4703 1346 4713 -·
1359 4676 1417 4744 ἐζῆ-

239 4788 282 4820 w
301 4764 401 4826 αὐτοὺς
420 4769 539 4836 τροφήν,
557 4774 583 4819 et
600 4768 732 4821 infeliciter
749 4767 886 4818 admodum
901 4765 988 4830 ἐξῄτει
1004 4764 1117 4816 οουίοοὶι.
