3309 5750
736 651 802 715 393

183 853 248 919 vim
267 847 384 914 inferre
402 843 523 911 iudicio
541 856 650 911 nostro
671 856 704 909 et
725 844 901 910 certissima
921 845 1122 925 convellere,
1145 859 1182 912 nt
1200 847 1282 914 nihil
1302 850 1356 916 isti

172 977 327 1050 peccasse
356 950 533 1019 videantur.
579 949 759 1016 Nlcattnuo
786 948 820 1014 in
845 961 989 1016 mentem
1012 951 1101 1016 venit
1122 950 1228 1019 dicere
1249 954 1355 1020 δειδιθι

178 1061 336 1155 producta
359 1057 537 1149 penultima
559 1055 593 1121 in
615 1056 854 1147 Alexa'plonrm.
879 1060 954 1123 443.

144 1196 153 1213 =
218 1223 220 1227 .
259 1235 262 1240 ,
311 1164 399 1231 alosa
421 1166 461 1230 σὺ
484 1164 528 1243 μδ
552 1162 670 1242 δείδιθι,
694 1164 800 1243 μέλοιο
825 1163 857 1227 δέ
880 1161 1022 1242 ποίμνιον
1044 1165 1187 1247 alpayde,

172 1271 264 1338 unde
291 1268 486 1362 praesidium
514 1267 674 1334 laboranti
704 1268 832 1335 usam
861 1268 1041 1358 quaesitum
1069 1280 1132 1348 est,
1156 1269 1208 1335 cui
1229 1268 1352 1359 placuit

177 1377 315 1445 scribere
338 1377 403 1443 fab.
428 1380 486 1455 74,
512 1380 541 1441 2.
1079 1396 1081 1400 ·

414 1478 538 1545 ποίνσοιν
561 1478 730 1559 scylleos·
754 1483 799 1561 gl
823 1480 930 1555 δέδιθι,
955 1481 1086 1564 σοιθθσῃ.

176 1587 234 1675 qui
262 1586 327 1651 loci
352 1607 417 1652 non
443 1584 662 1651 demonstrant
689 1584 781 1651 δέδῐθι
806 1586 890 1652 benc
915 1584 1072 1652 Graecum
1092 1607 1175 1664 esse,
1199 1584 1254 1651 sed
1274 1593 1354 1675 poti·

177 1702 290 1757 taetros
321 1690 481 1780 sequiores
509 1690 606 1756 etiam
632 1691 666 1756 in
693 1689 775 1770 hoc,
810 1703 847 1757 ut
873 1691 906 1757 in
927 1691 1081 1757 sexcentis
1104 1691 1193 1769 aliis,
1216 1692 1353 1781 graviter

174 1797 353 1886 impegisse.
409 1796 481 1862 Non
515 1796 623 1862 minus
658 1808 706 1863 est
735 1796 883 1864 vitiosum
918 1797 1007 1863 δέδιθι
1040 1794 1198 1887 producta
1226 1797 1352 1888 media,

175 1925 274 1993 quam
301 1904 328 1968 si
347 1902 480 1969 eandem
499 1903 534 1968 in
554 1900 642 1968 ἄπιθι
668 1904 765 1971 velles
786 1903 982 1995 producere,
1005 1901 1093 1994 quod
1113 1901 1191 1968 facit
1209 1903 1352 1992 praecla-

173 2029 227 2073 rus
249 2016 346 2098 poeta
365 2010 399 2075 in
422 2007 560 2075 Scholiis
583 2007 624 2074 ad
649 2009 831 2077 antsnun
853 2035 885 2101 p.
910 2013 965 2076 60.

396 2114 493 2179 scala
517 2113 552 2179 οδ
576 2120 676 2193 μῆλον
694 2121 759 2181 ,τῶν
784 2116 858 2187 Διὸς
882 2118 993 2196 χειρῶν
1016 2114 1109 2195 δέχου

397 2216 485 2282 ἄπιθι
508 2217 606 2282 τοίνυν
630 2218 685 2283 σὺν
709 2220 794 2292 lacis
817 2219 892 2301 πρὸς
916 2220 969 2284 τὸν
992 2218 1101 2300 Ποίριν.

174 2324 264 2394 Nihil
293 2323 378 2391 caim
408 2333 456 2388 est
482 2321 599 2388 certius
630 2333 727 2412 quam
750 2323 786 2388 in
803 2324 924 2401 δέδιμεν
949 2321 1132 2409 (δείδιμεν),
1161 2319 1259 2387 δέδιτε
1280 2323 1354 2413 (δεί-

172 2431 271 2518 διτε),
302 2429 392 2515 δέδιθι
420 2426 567 2516 (δείδιθι),
602 2436 636 2492 ut
664 2427 698 2492 in
729 2413 865 2512 ἕξομεν,
896 2423 1010 2505 decas,
1039 2422 1145 2498 έςοοθι,
1179 2424 1353 2505 σέθνοομεν,

171 2535 319 2607 σέθνοοτε,
341 2531 480 2606 οέθνοιθι,
505 2542 538 2597 et
555 2530 695 2597 έδέδισοον
709 2531 905 2619 (ἕδειδισοιν),
923 2528 1063 2613 έςοοσοιν,
1078 2528 1247 2594 ἕσέθνοοσοον
1267 2542 1300 2597 et
1318 2530 1350 2595 in

170 2638 338 2705 infinitivis
366 2635 520 2715 δειδίμεν,
553 2634 728 2719 τεθνοίιιεν,
751 2632 914 2707 τεθνοίνοιι,
938 2632 1048 2702 ἑςοίνοιι
1069 2631 1264 2722 penultimas
1284 2657 1351 2702 esse

169 2757 283 2811 natura
315 2751 477 2831 correptas
506 2762 611 2832 neque
639 2736 827 2805 ullomodo
850 2736 986 2828 produci
1005 2759 1118 2828 posse,
1141 2738 1352 2827 quemadmo-

169 2851 249 2918 dum
279 2849 358 2914 item
388 2857 511 2913 constat
529 2869 567 2914 ea
588 2844 695 2913 omnia
714 2843 799 2937 apud
821 2855 942 2912 veteres
962 2850 1075 2936 poetas
1095 2866 1220 2936 sempor
1241 2844 1350 2913 brevia

160 2981 252 3036 «esse,
275 2967 311 3021 ut
333 2953 419 3045 apud
443 2953 633 3022 tionum:

324 3060 403 3141 μηδὲ
426 3060 466 3126 σθ
488 3063 523 3141 γ’
542 3061 648 3144 ’Ἄρειοι
670 3059 741 3126 σθδε
764 3059 867 3126 δείδιθι
891 3061 974 3139 μήτε
997 3062 1056 3125 τιν’
1078 3059 1189 3125 ἄλλον.

323 3165 402 3248 Ἤρη
426 3165 509 3246 μήτε
533 3168 605 3233 θεῶν
627 3163 665 3230 σθ
686 3189 727 3245 γε
749 3164 854 3232 δείδιθι
876 3167 959 3244 μήτε
981 3167 1039 3230 τιν’
1064 3165 1188 3245 ἀνδρῶν.

325 3267 429 3350 θοίρσει
452 3269 531 3348 μηδέ
554 3294 585 3334 τι
609 3268 729 3349 aalma
751 3269 838 3349 μετὰ
862 3268 954 3351 Φρεσὶ
979 3267 1081 3334 δείδιθι
1105 3268 1185 3342 λίην.

161 3387 200 3452 ot
223 3371 311 3464 apud
338 3373 614 3441 Amsnosnannn:

388 3480 500 3559 μηδὲν,
525 3475 625 3554 θεοῖν,
650 3479 740 3545 δέδιθι
763 3478 872 3559 μηδέν.

389 3585 443 3650 cal
468 3585 512 3663 ινδ
536 3584 643 3663 δέδιθ’,
667 3586 701 3649 οὐ
726 3582 789 3665 pap
812 3584 876 3651 έςιν
900 3580 1121 3664 ἕξεκοισμένος.
1332 3636 1335 3641 .

164 3711 248 3780 qnae
274 3689 427 3780 leguntur
452 3689 492 3755 in·
507 3688 610 3757 Iliad
629 3696 667 3753 E.
689 3690 766 3756 827.
788 3695 821 3755 Ξ.
846 3690 923 3752 342.
952 3684 1075 3772 Odyss.
1097 3694 1136 3749 Δ.
1160 3685 1236 3750 825.
1255 3686 1293 3752 V
1291 3709 1344 3750 ee·
1402 3700 1406 3715 ‘

156 3797 221 3886 pis
251 3797 331 3872 373,
363 3792 498 3883 Eque'tt.
520 3797 607 3873 230,
631 3793 748 3885 quibus
767 3791 870 3858 multa
890 3790 1007 3883 passim
1025 3789 1140 3855 similia
1160 3806 1342 3859 occurrunt

165 3896 250 3981 Quid
276 3898 375 3987 igitur
403 3897 783 3968 N1caun1toetBsnu10
803 3896 982 3963 faciemus?
1030 3895 1124 3986 Lapsi
1143 3908 1234 3975 sunt,
1257 3919 1342 3965 erra-

160 4013 253 4093 nunt,
270 4001 342 4075 dari¹
358 4003 447 4069 venia
466 4017 570 4096 potest
590 4005 644 4073 sed
665 4006 708 4072 ita
726 4018 762 4073 ut
781 4027 929 4096 peccasse
947 4027 980 4070 so
999 4003 1175 4082 fateantur,
1194 4015 1226 4069 et
1242 4005 1341 4072 absti-

160 4106 306 4175 nendum
334 4109 394 4177 erit
424 4110 558 4200 posthac
589 4134 701 4180 eorum
731 4112 936 4191 testimoniis,
970 4133 1050 4200 quos
1080 4109 1261 4200 saepissime
1295 4112 1339 4178 sic

159 4215 327 4307 impegisse
355 4215 524 4292 constabit.
570 4216 618 4284 Dc
646 4221 777 4286 cacteris
805 4220 905 4298 vitiis,
929 4218 1047 4308 quibus
1067 4214 1245 4283 Ntcsunnu
1264 4241 1337 4285 cac·

160 4321 286 4411 terique
314 4320 348 4389 id
372 4344 473 4413 genus
499 4329 613 4414 po'e'tae
634 4325 800 4415 antiquam
821 4324 963 4413 linguam
987 4321 1130 4387 Ionicam
1151 4335 1183 4387 et
1203 4324 1336 4414 Epicam

161 4429 438 4516 contaminarunt,
461 4435 567 4527 dequo
591 4436 758 4534 prosodiae
778 4436 894 4503 veteris
912 4435 1053 4512 inscitia,
1078 4457 1160 4525 quae
1180 4435 1264 4526 apud
1285 4458 1339 4501 eos

157 4559 270 4615 Omnes
300 4555 446 4632 apparet,
479 4542 512 4610 in
542 4543 650 4610 animo
677 4555 724 4609 cst
743 4541 932 4633 propediem
953 4564 1050 4632 quam
1069 4540 1339 4631 potero-diligen-

159 4642 280 4735 tissimo
299 4648 454 4728 scribere,
476 4671 564 4715 nunc
585 4645 648 4722 ίσος
671 4661 796 4715 tantum
817 4649 991 4739 attingam,
1015 4646 1056 4713 dc
1078 4646 1168 4713 cuius
1189 4645 1337 4712 vocabuli

159 4749 339 4838 quantitate
355 4753 437 4822 mihi
456 4777 530 4822 cum
550 4755 720 4826 Massam
739 4779 804 4823 non
823 4754 991 4836 convenit,
1011 4755 1101 4823 cuius
1121 4751 1193 4825 side
1209 4751 1248 4818 V
1245 4750 1337 4816 indt-

1098 4871 1129 4911 28
