3309 5750
738 655 804 719 345

174 865 300 910 nomen
329 854 378 910 est
407 841 568 933 verbaque
593 843 748 935 pleraque
769 846 875 911 omnia
896 845 1037 936 legitima
1057 856 1090 911 et
1103 852 1262 937 ‘consepta
1282 856 1355 911 sunt

181 962 214 1015 et
241 949 389 1015 stabilem
414 948 567 1040 quodque
594 948 701 1016 sedem
726 951 816 1017 inre
837 964 922 1017 certa
941 950 1073 1018 habent.
1119 951 1164 1019 Ut
1183 950 1269 1042 apud
1288 951 1355 1032 lla·

178 1077 290 1121 manos
304 1056 367 1146 qui
386 1053 521 1120 cadebat
540 1054 679 1120 formula
702 1056 784 1123 nihil
804 1057 938 1147 agebat,
961 1057 1006 1123 sie
1025 1055 1112 1147 apud
1144 1055 1352 1121 Athenienses

181 1162 239 1251 qui
263 1162 367 1227 serbis
395 1160 591 1227 solemnibus
619 1183 685 1227 non
713 1164 817 1230 utitur
838 1163 922 1229 nihil
938 1163 1051 1232 dixisse
1072 1163 1208 1233 ridetur.
1254 1159 1355 1227 ludex

174 1267 236 1356 qui
257 1267 319 1332 fert
339 1267 528 1333 sententiam
550 1265 667 1332 dieitur
685 1270 742 1343 τήν
762 1266 871 1351 ψήφον
889 1269 995 1353 φέρειν
1015 1267 1068 1333 rel
1087 1268 1203 1340 θέσθαι,
1224 1276 1256 1354 et
1277 1265 1352 1330 uni·

175 1372 258 1437 rarsi
289 1372 411 1440 iudices
436 1372 641 1461 (consilium)
670 1374 882 1457 ψηφίζεσθαι.
939 1374 1024 1439 Reus
1051 1372 1185 1454 φεθρειν
1218 1371 1352 1449 dicitur,

174 1490 341 1544 accusator
357 1479 489 1559 διώκειν,
511 1477 606 1543 ambo
624 1479 651 1543 οἱ
674 1469 913 1561 ἀγωνιζόμενοι,
937 1476 976 1544 ὧν
996 1480 1010 1543 θ
1031 1479 1088 1558 μὲν
1110 1478 1221 1542 διθνκαν
1239 1477 1349 1559 κρίνει,

170 1582 185 1645 o‘
215 1583 248 1648 δὲ
276 1584 406 1666 φεύγων
437 1582 587 1664 κρίνεται.’
631 1591 827 1664 Κατηνσρεῖν
856 1586 903 1647 est
928 1588 965 1647 in
984 1606 1077 1648 reum
1098 1581 1228 1660 dicere,
1251 1594 1284 1647 et
1304 1583 1348 1647 τθ

173 1686 417 1769 κατηγορημένα
446 1699 521 1751 sunt
547 1682 717 1768 erimina,'
735 1710 818 1778 quae
838 1695 1004 1756 accusetur
1021 1687 1352 1779 dieendnerplicuit:

174 1792 285 1882 itaque
313 1792 419 1857 Attica
449 1792 567 1858 dieitur
594 1794 821 1875 κατηνορεῖταί
845 1819 878 1860 τι
905 1796 1005 1881 τινθς,
1029 1818 1094 1861 non
1123 1794 1350 1874 xurnyopeirur'

174 1921 239 1970 τιςε
268 1898 301 1962 in
321 1897 458 1961 comitiis
477 1898 534 1988 qui
553 1898 737 1989 suffragium
758 1900 865 1965 ferant
886 1902 1080 1985 ψηφίζεσθαι
1099 1899 1269 1978 dicuntur,
1292 1900 1349 1990 qui
1447 1901 1449 1905 ’

174 2003 274 2069 mittit
293 2003 326 2068 in
348 2004 531 2093 suffragium
555 2004 595 2070 de
615 2005 776 2096 aliquare
796 2004 914 2072 dicitur
932 2012 1023 2073 τοῦτο
1043 2005 1265 2088 ἐπιψηφίζειν,
1292 2006 1350 2094 qui

172 2108 338 2199 populum¹
358 2107 392 2172 in
421 2109 604 2199 suffragium
635 2109 735 2177 mittit
765 2111 877 2177 διδόναι
905 2113 962 2186 τήν
987 2117 1111 2195 ψήφοις
1135 2111 1219 2176 eires
1238 2110 1294 2199 qui
1314 2111 1349 2175 in

174 2213 313 2278 comitiis
344 2223 418 2275 sunt
445 2213 651 2303 appellantur
676 2217 702 2279 οῖ
732 2214 1001 2299 έκκλησισίζοντες.
1050 2216 1145 2307 Apud
1170 2217 1349 2283 Luctauun

173 2317 270 2382 iudex
304 2315 422 2380 dieitur
455 2323 653 2400 ψηφοφορεῖν
688 2322 751 2398 15,
784 2323 827 2385 24
857 2322 883 2383 οῖ
918 2321 1018 2385 λοιποί
1060 2320 1347 2404 ψηφοφορείτωσαν

171 2425 243 2504 μεθ’
268 2426 351 2502 ὑμῶν
382 2434 414 2487 et
439 2426 501 2501 35,
526 2425 546 2486 2
573 2423 699 2493 δικαςαί
728 2428 985 2506 ψηφοφοροῦντες
1010 2418 1089 2497 ήσαν
1115 2426 1141 2489 σί
1164 2420 1262 2505 ιίριςοι
1285 2430 1346 2488 τῶν

173 2529 206 2593 ἐν
238 2536 278 2610 τῇ
312 2525 403 2592 νείκει
433 2539 466 2594 et
491 2528 548 2607 47,
574 2529 616 2593 18
637 2529 682 2606 μή
709 2526 869 2606 μέλλετε,
893 2528 1165 2610 ψηφοφορήσατε,
1187 2526 1347 2607 νίνιίςητε,

169 2631 224 2698 καί
258 2629 369 2703 ἄλλοις
400 2633 462 2713 χρη
496 2631 652 2714 δικιίζειν,
677 2643 763 2697 recte
785 2634 866 2720 §20
885 2631 1071 2713 ψηφίσασθε
1095 2631 1150 2706 ήδη
1173 2631 1217 2695 τὰ
1235 2631 1347 2713 εὔορκα

171 2750 209 2803 ex
241 2734 462 2803 Demostratus
491 2760 522 2827 p.
548 2740 635 2815 605,
664 2740 708 2802 20
729 2736 772 2801 τα
801 2736 911 2817 εὔορκα
935 2733 1041 2801 ἔσεσθε
1065 2734 1289 2816 ἐψηφισμένοι,
1312 2749 1346 2804 at

120 2860 132 2872 ·
168 2842 255 2910 male
283 2848 300 2931 §
320 2844 360 2907 21
382 2840 499 2924 εἴρηκα.
527 2842 617 2922 ὑμεῖς
641 2842 668 2909 δ’
694 2842 745 2910 ε’νιί
771 2840 890 2915 τούτοις
915 2841 1184 2924 ψηφοφορήσατε,
1207 2851 1240 2906 et
1260 2843 1278 2926 §
1301 2846 1345 2909 22

169 2948 307 3030 ἡσυχίαν
327 2945 439 3026 ἄγετε.
459 2949 719 3032 ψηφοφορήσονσι
743 2947 818 3030 νοίρ.
868 2946 1110 3013 Eiusdemmodi
1128 2947 1202 3012 vitia
1222 2947 1342 3017 ibidem

169 3065 243 3122 sunt
277 3057 295 3140 §
335 3057 375 3118 12
406 3054 589 3134 ἀποθέμενοι
618 3055 748 3137 γραφήν
778 3077 838 3145 pro
865 3053 1107 3132 οῖτενεγκίντες.
1144 3057 1225 3139 §13
1256 3057 1344 3122 ἐννέα

169 3159 361 3242 κρινοίτοισαν
383 3180 442 3250 pro
461 3159 655 3242 δικαζθντων.
676 3165 693 3248 S
719 3163 759 3224 lt
778 3155 874 3243 αὖτκρ
893 3159 925 3224 δὲ
946 3150 996 3246 ι(αἱ
1017 3158 1159 3246 ’ρ’ραφαί)
1183 3160 1215 3231 ’ἐς
1240 3157 1344 3240 ι’ίςερον

168 3261 402 3335 δεδικιίσονται,
416 3263 572 3328 Graecum
585 3274 632 3327 est
643 3262 814 3346 έκδικιίζειν
824 3263 927 3338 δίκην,
939 3262 1054 3350 ¹itaque
1068 3264 1344 3338 ἔκδικασθήσσνται

167 3369 321 3459 seriptum
349 3368 499 3456 oportuit.
529 3373 546 3456 ς
572 3371 616 3433 33
645 3365 809 3432 διπλάσιον
841 3362 1037 3445 οῖτοισθμενοι
1069 3367 1122 3431 τὸν
1152 3371 1260 3444 μισθδν
1291 3372 1345 3436 ἐτ’

167 3471 366 3555 ’ἀμφοτέραις
397 3479 469 3543 ταῖς
498 3471 616 3547 δίκαις,
651 3484 773 3538 veteres
791 3473 845 3538 τὸν
866 3473 974 3550 μισθὸν
999 3471 1105 3555 φέρειν
1125 3471 1252 3550 dieunt,
1276 3498 1342 3542 non

166 3578 334 3663 φέρεσθαι,
364 3588 396 3642 et
423 3576 456 3640 in
477 3578 495 3661 §
517 3581 560 3644 35
586 3577 663 3644 δέκα
682 3574 794 3650 ίιιαις
821 3585 946 3658 κρατεῖς
967 3576 1035 3640 aine
1054 3573 1201 3667 exemplo
1219 3577 1340 3645 dictum

167 3697 216 3752 est
237 3694 269 3750 et
289 3681 371 3747 nihil
393 3682 568 3773 significat,
592 3693 627 3747 ut
649 3689 836 3774 anrruptuiu
856 3704 923 3747 esse
934 3679 1092 3772 suspicer.
1125 3682 1239 3748 ¹Recte
1259 3687 1341 3773 §18

167 3789 287 3862 τιίσαις
313 3799 425 3871 κρατεῖ
451 3802 483 3855 et
510 3787 573 3856 θκοι
603 3811 662 3881 pro
684 3784 802 3862 ιιιίντες
828 3786 1059 3853 οίιίοοίίεείιηοο
1086 3789 1195 3854 aetatis
1215 3801 1281 3869 est,
1305 3800 1340 3856 ut

164 3901 231 3963 toti
257 3918 317 3986 pro
346 3919 456 3961 omnes
476 3896 658 3964 Latinitatis
682 3907 730 3961 est
751 3894 932 3985 decrepitae
953 3906 985 3960 et
1007 3893 1181 3962 delirantis.
1228 3900 1339 3977 Ψηφο-

163 4007 271 4086 φορεῖν
300 4023 360 4090 pro
385 4003 584 4086 ’ψηφίζεσθαι
614 4003 725 4069 eadem
756 3996 951 4093 negligentia
977 4002 1118 4093 positum
1146 4009 1259 4082 estu,
1281 4005 1338 4068 56.

163 4107 178 4173 θ
205 4109 340 4178 πλοῦτος
365 4105 379 4169 θ
402 4107 497 4184 tnta,
519 4102 637 4174 θνόθκ
666 4110 876 4185 έκκλησιαςίις
900 4109 1136 4192 ψηφοφορήσας
1159 4107 1338 4190 ἀφελέσθαι

164 4212 282 4278 δύναιτ’
303 4209 353 4276 ιίν.
385 4209 452 4276 .Νο
474 4209 684 4288 έκκκησιαςής
705 4212 836 4302 quidem
857 4213 932 4278 satis
946 4212 1065 4278 ‘sanum
1087 4224 1151 4278 est:
1178 4211 1234 4302 qui
1254 4212 1339 4278 ciras

165 4318 304 4384 comitiis
328 4317 488 4384 intersunt
512 4314 539 4383 οῖ
570 4317 826 4400 ἐκκλησιάζοντες
851 4317 959 4383 Attice
979 4318 1203 4408 appellantur,
1227 4329 1262 4382 ut
1281 4318 1338 4406 qui

163 4447 315 4517 pompam
342 4424 466 4491 ducunt
495 4427 522 4490 οῖ
552 4420 767 4502 τομτεθοντες
795 4445 861 4487 non
885 4424 1087 4502 τομιιενταί,
1113 4423 1199 4513 quod
1219 4423 1338 4512 legitur

168 4535 207 4598 11
222 4577 237 4611 ‚⁷
257 4530 303 4595 16⁴
330 4531 348 4606 ή
374 4530 470 4611 Τύχη
497 4527 627 4596 ποικίλα
655 4524 947 4606 τοῖςτομνιενταῖς
969 4526 1013 4612 τα
1038 4529 1199 4609 σχήματα
1219 4525 1337 4607 τροσσί-

164 4659 305 4704 ττονσαι
322 4646 355 4700 et
372 4635 581 4712 έκκλησιαςής
597 4632 728 4723 quidem
748 4631 890 4723 aliquam
908 4629 1006 4696 habet
1025 4630 1337 4698 sommendationem

163 4763 181 4806 a
206 4736 474 4832 philosophorum
495 4758 568 4807 aaa..
608 4739 719 4806 Pano
739 4748 772 4805 et
794 4739 1017 4807 lursrorsus
1036 4759 1277 4827 nonnumquam
1299 4758 1338 4803 eo

1101 4854 1133 4894 25
