3309 5750
726 679 786 748 111

165 859 307 944 παριέναι
331 858 401 926 είσω
424 863 484 925 τῶν
504 859 752 945 περιρραντηρίων
769 852 893 938 lemni
921 856 1049 939 καίαρίς
1073 856 1119 962 ε’ςι
1143 857 1202 932 τὰς
1224 861 1355 939 χείρονι,

164 968 180 1033 l
201 967 229 1032 δ’
252 966 348 1049 ίερεὺς
370 967 464 1040 αὐτὸς
493 961 601 1040 ἔσανεν
629 962 826 1047 ᾑμαγμένος
840 962 893 1028 καί
917 959 1018 1044 ὥσπερ
1040 963 1055 1027 l
1078 962 1218 1045 Κύκλωψ
1241 964 1355 1036 ἐκεῖνος

165 1070 346 1167 ἀνατέμνων
367 1073 419 1137 καὶ
436 1072 480 1138 τοὶ
492 1069 620 1149 ἔγκατα
636 1068 761 1152 ἐξαίρων
780 1067 898 1159 (scribe
920 1066 1058 1155 ἐξαιρῶν)
1083 1065 1135 1133 καί
1154 1068 1357 1148 καρδιουλκῶν

167 1174 220 1241 καὶ
246 1176 282 1241 τὸ
304 1170 387 1255 αίμα
410 1179 453 1259 τῷ
474 1177 572 1259 βωμῷ
599 1174 751 1258 περιχέων
779 1174 833 1240 καί
864 1173 897 1240 τί
922 1172 987 1255 γὰρ
1018 1175 1073 1238 οὐκ
1099 1173 1228 1252 εὐσεβές
1253 1174 1356 1238 έπιτε·

166 1287 245 1355 nnn
268 1278 363 1346 viden
386 1281 505 1361 ἀσεβές
529 1299 641 1347 verum
664 1278 759 1345 esset
783 1278 819 1344 ln
841 1277 953 1345 cadem
971 1297 1007 1343 re
1026 1277 1152 1344 scribae
1173 1276 1358 1344 titubarunt

169 1389 210 1451 14
224 1434 233 1463 ,
249 1388 300 1450 19.
321 1384 377 1450 ‘ubi
394 1384 737 1467 σ111ασεβέςερος,1111
761 1383 959 1467 εὐσεβέςερος
984 1382 1163 1460 dederunt,
1188 1390 1220 1449 et
1240 1387 1305 1460 40,
1325 1385 1357 1447 8.

169 1489 226 1564 nbi
243 1490 367 1569 ἀσεβῶς
386 1496 418 1555 et
434 1491 575 1570 εὐσεβῶς·
592 1488 856 1579 contunduntur,⁴
872 1498 905 1557 ct
928 1487 1004 1555 alibi
1027 1496 1060 1555 et
1076 1488 1195 1575 passim
1220 1487 1253 1552 in
1272 1487 1361 1559 simi·

169 1592 278 1668 libus,
305 1595 492 1681 saepissime
511 1594 700 1673 emendata,
731 1601 782 1661 sat
808 1612 904 1682 saepe
931 1602 1027 1661 acuto
1054 1592 1167 1659 lectori
1188 1590 1230 1659 att
1253 1610 1359 1658 emen·

171 1697 317 1764 dandum
347 1698 475 1777 relicta,
498 1699 538 1766 de
560 1719 624 1787 qua
651 1700 742 1788 copia
763 1717 850 1767 nunc
881 1719 985 1766 unum
1007 1696 1190 1785 exemplum
1216 1694 1362 1763 delibabo

169 1803 325 1869 Anscnrcr
346 1823 451 1870 causa.
511 1803 547 1869 tn
570 1797 678 1871 Pnorn
701 1803 818 1871 Lecleo
845 1803 985 1891 iegitur:
1020 1801 1190 1870 Ὀκτιίπαν
1214 1802 1356 1882 ποταμὸν

169 1908 332 1989 Αἰσχύλος
354 1908 566 1975 διαπέτλενκε
585 1910 780 1985 Νεανίσκοις.
826 1910 927 1977 Nemo
950 1907 1072 1976 dicitur
1100 1908 1243 1974 διαπλεῖν
1265 1930 1362 1973 ποτα·

170 2013 229 2094 μον
253 2032 311 2099 pro
337 2014 544 2096 διαπερᾶσαι,
581 2023 612 2081 et
645 2034 708 2081 noa
732 2014 795 2081 init
822 2034 976 2102 nmquam
1000 2016 1028 2081 is
1055 2014 1175 2080 fluvius
1194 2014 1227 2080 in
1252 2032 1362 2079 rerum

170 2126 312 2195 natura,
337 2120 512 2185 Anscnncns
535 2139 609 2185 eum
636 2120 853 2187 διαπέπλακεν
870 2122 902 2186 ἕν
928 2120 1122 2194 Νεανίσκοις.
1338 2116 1342 2122 ’

216 2223 285 2290 Non
312 2223 420 2289 minus
440 2226 613 2310 protritum
634 2234 684 2291 est
707 2226 741 2295 in
759 2223 911 2290 omnibns
928 2224 1019 2290 tibris
1039 2224 1170 2319 scriptis
1184 2224 1363 2292 vetustissi-

169 2328 259 2404 mis,
290 2328 543 2407 recentissimis,
573 2355 589 2395 ε
616 2337 649 2397 et
674 2354 707 2396 αι
734 2330 977 2416 imperitissime
1000 2328 1154 2396 contundi
1185 2336 1218 2395 et
1245 2329 1365 2415 permi-
1490 2377 1493 2381 ,

173 2433 268 2500 socri.
316 2432 364 2499 Ex
387 2433 521 2519 critique
543 2434 718 2521 exemplari
741 2433 835 2500 tlnxit
859 2454 949 2501 error
972 2436 1005 2499 in
1030 2433 1122 2500 tibris
1147 2437 1211 2509 m,
1240 2439 1271 2500 3.
1308 2433 1363 2500 ubi

171 2547 219 2608 est
232 2536 360 2617 δικοίσμι
378 2563 430 2605 τισ
446 2537 526 2615 alren
539 2558 596 2627 pro
620 2539 713 2605 δίκασ
734 2537 895 2615 ἐτισάτην.
930 2538 987 2605 Vel
1008 2538 1119 2616 ἡδαίων
1134 2537 1287 2604 exhibent
1306 2548 1364 2625 pro

130 2605 154 2644 Ο
171 2644 268 2722 εἰδέων
291 2643 371 2734 (57,
397 2643 453 2733 26)
479 2652 510 2711 et
533 2644 712 2727 παραναίων
735 2663 793 2730 pro
815 2644 989 2723 ωιίιιωίωιιο,
1011 2642 1170 2726 παρανέων
1189 2642 1240 2731 (9,
1254 2648 1294 2721 8,
1316 2643 1361 2734 2).

171 2748 276 2837 Saepe
299 2747 407 2836 gliscit
437 2769 529 2815 error
547 2749 700 2817 ulterius:
721 2748 804 2833 φέρω
820 2769 861 2816 an
882 2750 984 2833 φαίνω
1010 2750 1053 2815 sit
1080 2747 1286 2814 scribendum
1309 2767 1365 2816 no·-

131 2871 135 2877 ·
169 2856 235 2922 stri
262 2861 312 2922 est
339 2853 488 2930 arbitrii,
522 2876 585 2922 non
618 2854 810 2922 scribarum.
871 2855 925 2923 Sic
943 2855 1085 2940 ῥαίνομαι
1112 2861 1224 2920 natum
1252 2862 1364 2924 estex

172 2961 281 3046 ῥέομαι
303 2965 433 3038 49,11.
455 2959 712 3042 εὐδαιμονίζουσιν
736 2963 850 3037 αὐτοὺς
873 2960 987 3043 αἵματι
1006 2960 1195 3047 ῥαινομένους
1216 2961 1363 3045 δρῶντες,
1418 3040 1421 3047 ¹

171 3085 285 3133 veram
306 3066 503 3152 scripturam
523 3066 678 3148 ῥεομένους
703 3068 912 3154 praestabunt
926 3066 960 3133 hi
976 3066 1058 3134 loci:
1083 3068 1118 3132 in
1136 3066 1277 3153 hocipso
1298 3066 1365 3133 dia·

171 3167 245 3257 logo
274 3168 298 3260 S
326 3175 378 3236 58.
404 3171 439 3248 ἣν
469 3171 541 3255 έρρῖς
566 3173 679 3247 αὐτοὺς
704 3173 754 3239 lc>
773 3176 816 3256 τῷ
839 3174 938 3256 βωμῷ
963 3169 1077 3252 αἵματι
1103 3171 1278 3256 ῥεομένους,
1297 3177 1361 3248 10,-

175 3280 237 3351 14,
263 3281 295 3342 n.
317 3276 344 3341 εί
365 3274 513 3355 βλέποιέν
535 3300 570 3341 σε
594 3275 708 3357 αίματι
729 3278 883 3362 ῥεόμενον,
905 3283 964 3356 55,
990 3283 1041 3343 71.
1066 3278 1137 3359 ὀροῖν
1167 3273 1282 3355 αἵματι
1302 3281 1363 3358 leo·

171 3380 294 3461 μένους.
343 3379 396 3446 Sic
430 3381 532 3463 ἱδρῶτι
563 3380 701 3464 ῥεόμενος
732 3381 854 3468 legitur
881 3387 944 3459 16,
971 3387 1003 3448 5.
1028 3384 1091 3458 20,
1118 3386 1138 3447 n
1162 3387 1195 3446 et
1223 3385 1289 3455 55,
1312 3386 1362 3449 lt.

171 3484 457 3569 Quemadmodum
475 3489 540 3564 26,
563 3492 614 3553 15.
639 3486 836 3554 dissentiunt
854 3485 930 3552 libri
950 3493 1062 3552 utrum
1074 3484 1209 3568 φέροντα
1228 3505 1269 3551 an
1288 3487 1368 3570 φαί-

171 3609 399 3658 consocerum
424 3591 488 3665 sit,
518 3591 564 3688 sic
589 3591 665 3658 olim
682 3599 732 3660 est
754 3591 931 3659 titubatnm
957 3591 990 3663 in
1014 3590 1185 3656 Pcnrancnr
1206 3588 1311 3656 Nnmc
1336 3595 1364 3657 1.

175 3695 296 3764 Editur
317 3695 378 3770 τὰς
401 3696 433 3762 δὲ
461 3699 513 3762 νῦν
536 3697 728 3779 φαινομένας
759 3700 814 3765 οὐκ
835 3697 956 3772 οίνινίῶς
983 3694 1186 3774 συγκεῖσθαι,
1206 3694 1366 3764 edendum

173 3800 378 3885 φερομένας,
401 3809 433 3868 et
457 3801 491 3865 in
514 3801 661 3869 Drnnnsm
689 3801 791 3870 Holt'c.
822 3801 951 3868 lettt‘.
986 3803 1040 3868 οὐκ
1071 3803 1104 3867 έν
1130 3799 1274 3876 οἱποίσαις
1296 3803 1368 3878 ταῖς
1457 3884 1459 3888 .

172 3909 368 3987 -Ῥωμαϊκαίς
394 3908 640 3990 χρονογραφίαις
666 3908 848 3992 οίμφίτεραι
863 3908 1047 3991 φαίνονται,
1068 3926 1186 3994 repone
1208 3905 1366 3991 φέρονται.

173 4012 214 4078 *ln
249 4013 421 4078 Paurancnr
449 4011 637 4079 Timoleonte
667 4017 708 4078 27
733 4012 803 4100 lege
827 4012 1102 4096 supermanantem
1123 4015 1183 4099 pro
1208 4020 1367 4099 περιφερο-

140 4155 142 4158 -
176 4118 294 4200 μένου,
318 4118 353 4183 in
376 4117 475 4183 Bruto
508 4122 559 4183 13.
584 4121 602 4194 νί
625 4119 749 4202 Φονντίς
774 4118 901 4204 ἐξέφερε
931 4119 1086 4185 scribitur
1116 4137 1173 4205 pro
1204 4117 1369 4203 ἐξέφαινε,

175 4224 213 4289 'in
236 4223 383 4310 Lycnrpo
409 4228 461 4288 11.
484 4220 613 4298 ἐξέπεσε
640 4223 828 4310 pervulgato
851 4243 961 4289 errore
989 4243 1048 4310 pro
1067 4222 1215 4300 ἐξέπαισε
1237 4223 1367 4311 legitur.

173 4328 216 4394 .ln
240 4328 426 4394 nominibus
449 4329 588 4414 propriis
617 4346 711 4417 saepe
738 4330 873 4395 vitiosae
902 4327 1024 4394 formae
1047 4329 1185 4395 nimium
1210 4332 1370 4417 patienter

173 4441 374 4511 servantur,
400 4435 530 4509 Κεκίνας
555 4434 588 4500 in
617 4433 734 4500 θίίιοιιο
757 4440 798 4513 6,
827 4438 995 4508 Κενινντῶν
1012 4433 1046 4498 in
1067 4433 1198 4499 Romulo
1217 4440 1289 4513 16,
1313 4447 1369 4502 Κε-

180 4540 277 4613 κίλιος
294 4545 327 4605 et
350 4540 481 4606 Κεκιλία
505 4541 538 4604 in
557 4540 762 4606 Demosthene
781 4545 823 4615 5,
845 4539 1017 4615 Lucullei.
1040 4540 1238 4622 Κυναίγειρος
1258 4557 1368 4625 quam·

179 4665 277 4731 quarn
303 4663 421 4710 nomen
445 4643 539 4711 habet
563 4645 651 4726 παρὰ
672 4646 707 4712 τὸ
731 4645 791 4719 τὰς
812 4646 907 4719 κύνας
927 4644 1078 4726 ἐγείρειν,
1101 4651 1210 4711 tamen
1229 4653 1370 4731 praetcr-

176 4769 276 4846 qnam
294 4747 511 4836 aprnlpoetas
530 4759 682 4839 corrupto
702 4770 832 4818 nomine
847 4748 1118 4827 circumambutat
1134 4755 1166 4814 et
1186 4747 1270 4843 apud
1291 4750 1370 4820 alios
