3309 5750
796 651 861 721 273

243 847 430 927 είσέλίοιμεν
453 883 500 900 -·
523 841 752 928 apoae'nlaaen.
791 854 852 929 46,
880 858 916 919 3.
938 851 1011 933 πρός
1026 891 1071 905 -
1086 857 1141 928 εἰς.
1171 862 1232 935 58,
1259 858 1311 924 12.
1336 850 1411 932 πρὸς

242 952 341 1034 ἔρωτα
359 955 525 1031 ἐμπεσεῖν,
541 955 734 1020 correximus
753 958 806 1029 εἰς.
825 961 884 1037 60,
900 960 951 1023 22.
963 951 1155 1040 προσέμαθες
1172 995 1217 1013 ·-·
1231 962 1412 1041 εἰσίμαίες,

243 1057 330 1148 quod
354 1080 395 1132 ne
422 1058 576 1124 Graecum
605 1060 736 1150 quidem
756 1073 812 1127 est.
841 1066 900 1143 62,
924 1067 955 1130 6.
977 1065 1160 1145 προσήκουσι
1175 1069 1412 1142 -καθήκονσι,

241 1167 304 1242 68,
335 1166 388 1230 24.
416 1164 488 1243 πρὸς
517 1166 552 1229 τδ
573 1165 840 1247 ὠφέλιμον-τὸ
870 1169 1038 1250 ὠφέλιμον.
1065 1173 1124 1248 74,
1156 1176 1184 1237 4.
1208 1172 1411 1251 πρὸς-είς.

242 1268 281 1333 In
312 1268 447 1334 Timone
468 1275 503 1346 5,
528 1273 557 1333 9.
577 1268 699 1347 ὀλίγον,
725 1270 779 1335 alii
797 1274 848 1337 ἐπ’
874 1274 996 1352 ὀλίγον,
1021 1272 1092 1364 lege
1111 1276 1185 1356 πρὸς
1208 1275 1325 1353 ὀλίγον.
1375 1274 1413 1340 lu

242 1376 347 1444 Veris
375 1375 548 1440 Historiis
565 1372 607 1439 ll.
629 1378 687 1454 27,
712 1380 765 1442 27.
786 1379 824 1449 ὡς
849 1378 1023 1449 αὐτούς-
1037 1379 1110 1458 πρὸς
1131 1380 1245 1452 αὐτούς
1267 1392 1299 1443 et
1321 1386 1338 1467 §
1357 1384 1412 1448 43.

241 1482 420 1562 ε’ς-πρίς
450 1481 583 1545 confusa
615 1503 681 1546 esse
712 1481 833 1549 ridebis
863 1494 902 1547 et
922 1494 1087 1572 praeterea
1110 1483 1221 1547 multis
1245 1483 1314 1548 aliis
1332 1484 1414 1550 locis

235 1585 273 1652 'et
298 1587 331 1650 in
354 1586 506 1651 Lucieno
526 1598 558 1651 et
580 1587 612 1651 in
635 1600 832 1654 caeterorum
857 1588 1000 1654 omnium
1023 1588 1112 1654 libris
1134 1589 1269 1679 seriptis.
1301 1589 1412 1657 Incre-

241 1691 341 1757 dibile
370 1691 460 1757 dictu
488 1705 534 1757 est
566 1716 661 1783 quam
693 1718 787 1786 saepe
815 1717 937 1761 errores
967 1695 1043 1760 hine
1063 1695 1139 1762 olim
1160 1698 1298 1787 suscepti
1318 1698 1413 1763 nobis

240 1798 347 1865 adhuc
376 1800 554 1890 corrigendi
582 1803 748 1891 supersint.
796 1802 952 1892 Exempla
981 1802 1048 1893 ipsa
1078 1803 1297 1894 compluscula
1324 1825 1413 1869 nunc

239 1923 423 1995 expromam
433 1924 456 1984 ,ι’
476 1903 514 1969 ad
532 1926 684 1995 -quorum
708 1905 840 1971 modum
867 1919 899 1972 et
924 1907 1080 1973 rationem
1101 1910 1321 1999 unusquisque
1340 1930 1412 1974 cae-

237 2023 304 2075 tera
330 2009 561 2076 eiusdemmodi
581 2006 736 2101 corriget,
761 2011 817 2101 qui
835 2012 933 2077 modo
955 2012 1070 2080 sentiat
1089 2014 1168 2104 quid
1189 2037 1319 2105 quoque
1338 2014 1413 2081 loeo

238 2120 312 2182 usus
341 2112 469 2182 dicendi
495 2117 646 2207 requirat.
682 2111 899 2183 Taucrnrnrfis
919 2109 972 2184 lV.
996 2123 1048 2185 22.
1069 2122 1114 2197 μὴ
1138 2122 1168 2194 ἐς
1186 2122 1256 2194 τοὺς
1279 2120 1410 2201 ξομμιί-
1470 2173 1474 2179 .

236 2237 314 2304 χὀνς
331 2218 538 2300 διαβλνίῶσα
558 2234 590 2285 at
606 2215 724 2287 dicitur
745 2246 871 2314 semper
887 2225 1076 2303 διαβάλλειν
1097 2221 1170 2306 τρίς
1186 2250 1275 2300 τινα,
1300 2227 1412 2317 itaque

237 2330 311 2410 πρὸς
336 2327 407 2399 τούς
431 2325 668 2401 emendandum
689 2325 725 2390 V.
750 2332 778 2391 4.
797 2329 810 2390 ὁ
835 2330 865 2392 δὲ
886 2329 991 2406 Φαίαξ
1012 2330 1113 2393 οὐκέτι
1133 2330 1183 2394 ἐπὶ
1202 2331 1273 2403 τοὺς
1291 2330 1410 2403 ἄλλους

238 2432 385 2513 ἔρχεται,
410 2429 534 2494 Phaear
557 2432 688 2520 legatus
707 2430 873 2510 veniebat,
897 2454 962 2496 non
982 2434 1103 2510 hostes,
1121 2432 1231 2521 itaque
1249 2436 1321 2515 πρὸς
1338 2436 1410 2508 τοὺς

236 2535 354 2609 ἄλλους
389 2536 608 2626 recipiendum
641 2547 706 2615 est,
739 2537 826 2626 quod
849 2526 1079 2603 inVossiano
1100 2535 1211 2604 codice
1232 2552 1278 2605 est
1298 2563 1432 2632 super-¹

218 2642 401 2732 'scriplum
432 2640 518 2707 llll.
551 2645 622 2707 109.
654 2642 835 2723 πορεύεσθαι
876 2644 1017 2709 διενοεῖτο
1050 2644 1123 2725 πρὸς
1162 2646 1292 2719 αὐτοὺς,
1328 2643 1410 2720 ὅπως

237 2748 407 2828 μέμψηται
430 2785 476 2798 —-
499 2747 551 2811 καί
587 2747 647 2822 τοὶς
684 2748 839 2826 διαβολὰς
870 2750 1134 2829 ἀπολογήσεται,
1167 2750 1302 2815 emenda
1327 2748 1409 2825 ὅπως

237 2852 405 2932 μέμψεται
422 2852 531 2917 -nal
563 2854 636 2934 πρὸς
667 2854 726 2926 τοὶς
756 2853 911 2932 διαβολὰς
940 2855 1190 2934 ἀπολογήσεται.
1238 2854 1275 2922 In
1299 2855 1411 2923 Χ111104

238 2965 378 3025 11101110
405 2958 536 3024 Hellen.
566 2958 625 3026 lll.
653 2978 673 3026 1.
707 2964 757 3026 16.
787 2959 870 3037 ἠξίου
896 2961 970 3042 πρὸς
998 2960 1041 3025 τοὶ
1068 2961 1161 3041 τείχη
1188 2962 1354 3044 δέχεσθαι,
1377 2975 1411 3028 at·

237 3065 298 3131 hoc
319 3065 450 3155 quidem
468 3087 533 3130 nun
554 3088 633 3156 opus
654 3079 719 3132 erat
740 3077 864 3157 petere,
889 3079 974 3133 recte
993 3066 1155 3132 4411100111.
1175 3067 1218 3139 εἷς
1239 3067 1282 3132 ra
1303 3069 1410 3150 τείχη.

238 3172 355 3240 Contra
390 3170 448 3237 lll.
482 3191 512 3238 v.
542 3177 572 3237 2.
602 3175 628 3236 οἱ
663 3172 720 3251 μὲν
753 3174 788 3246 δίς
819 3172 981 3252 δεξοίμενοι
1012 3173 1055 3236 rol
1083 3173 1240 3253 χρήματα
1269 3175 1319 3246 εἷς
1348 3175 1409 3247 τοὶς

237 3278 352 3349 οἰκείοις
383 3276 491 3347 πόλεις
524 3277 692 3354 διέβαλλον
719 3262 790 3346 τοὺς
821 3276 1103 3354 Λακεδαιμονίους,
1130 3276 1232 3341 scribe
1252 3279 1325 3357 πρὸς
1349 3279 1409 3351 τοὶς

236 3382 350 3453 οἰκείοις
376 3381 495 3453 πόλεις.
543 3380 626 3446 lbid.
649 3380 675 3445 l.
698 3397 754 3445 v11.
777 3386 806 3447 4.
829 3383 996 3459 ἐπιτολὴν,
1019 3381 1053 3455 ἣν
1078 3382 1229 3462 ἔπεμψαν
1247 3384 1273 3446 οἱ
1295 3405 1411 3463 τραπη-

237 3488 287 3568 y-ol
318 3488 360 3558 είς
383 3485 439 3558 τίεν
465 3486 582 3563 βουλὴν
606 3486 659 3550 καί
690 3485 732 3556 είς
755 3485 807 3548 τδν
834 3485 929 3562 δῆμον
950 3484 1020 3573 lege
1044 3486 1117 3565 πρὸς
1145 3487 1200 3560 τὴν
1219 3486 1336 3563 βουλὴν
1355 3488 1411 3560 καί

236 3593 289 3658 τὸν
310 3594 422 3670 δῆμον,
443 3613 505 3656 una
525 3603 591 3656 erat
614 3602 646 3655 et
662 3588 773 3655 eadem
794 3588 948 3679 epistola,
968 3588 1120 3680 quamde
1140 3613 1228 3655 more
1247 3590 1412 3659 Praetores

237 3699 389 3764 miserant
419 3698 470 3762 ad
501 3696 662 3764 Senatum
693 3697 941 3787 Populumqam
974 3720 1040 3762 non
1072 3701 1107 3762 in
1134 3696 1294 3764 Senatum
1322 3708 1354 3763 et
1374 3703 1412 3763 in

237 3799 412 3895 Populum.
460 3803 583 3870 Deinde
612 3802 682 3868 Vll.
703 3821 732 3867 v.
757 3807 808 3869 ll.
828 3804 944 3868 ἐπεὶ-δ’
965 3804 1090 3882 ἐγένετο
1108 3805 1362 3883 Ἐπαμεινώνδας
1379 3788 1410 3870 ἓν

235 3920 275 3992 τῇ
314 3909 402 3975 πόλει
439 3911 498 3974 τῶν
535 3914 761 3991 Σπαρτιατῶν,
797 3909 871 4000 quia
902 3907 963 3974 hoc
990 3931 1167 4000 numquam
1196 3909 1316 3974 factum
1344 3920 1410 3989 est,

236 4016 309 4105 lege
337 4016 410 4095 πρὸς
444 4025 483 4098 τῇ
521 4017 621 4081 πόλει.
669 4014 749 4095 Παίς
786 4016 904 4107 excidit
935 4016 1018 4083 V.1.
1044 4020 1096 4083 27.
1122 4018 1174 4081 ὑπ’
1195 4014 1331 4094 οίίνμίας
1355 4015 1409 4080 καί

235 4126 302 4185 τῶν
321 4119 515 4201 βραδυτέρων
534 4121 713 4200 ἡλίσκοντο,
730 4123 843 4213 supple
861 4124 934 4204 πρὸς
954 4128 1013 4187 τῶν
1028 4122 1238 4205 βραδυτέραν,
1261 4132 1293 4186 et
1310 4120 1346 4187 V.
1365 4139 1410 4194 lv.

237 4229 292 4292 36.
310 4222 389 4298 ἷίποις
406 4226 526 4304 γένοιτο
541 4225 576 4290 cl
593 4225 708 4302 ξενικὸν
729 4219 832 4308 αὐτῷ,
851 4228 973 4317 corrige
988 4227 1196 4308 προσγένοιτο.
1222 4226 1260 4291 ln
1271 4225 1410 4293 lsoclta-

238 4349 288 4397 urs
318 4330 530 4420 Panegyrico
561 4332 579 4416 §
609 4334 661 4395 11.
687 4331 761 4410 πρὸς
785 4333 960 4412 ὑπερβολήν
979 4330 1170 4398 mutandum
1196 4331 1229 4397 in
1252 4334 1294 4404 εἷς
1318 4334 1409 4414 ὑπερ-

236 4437 414 4516 βολήν,,ιιῑ
436 4437 469 4501 in
490 4437 655 4527 Euagora
675 4438 692 4521 §
715 4438 767 4500 23.
787 4437 860 4516 πρὸς
883 4437 1058 4516 ὑπερβολήν
1079 4459 1115 4501 er
1134 4436 1261 4503 duobus
1282 4439 1410 4528 optimis

237 4540 327 4607 libris
355 4540 387 4605 in
419 4545 460 4615 εἷς
491 4544 666 4625 ὑπερβολήν
697 4553 745 4606 est
773 4553 963 4608 correctum.
1008 4541 1045 4606 ln
1073 4540 1226 4608 Oratione
1253 4545 1295 4608 de
1320 4545 1411 4608 Pace

240 4653 257 4734 ᾗ
279 4649 330 4710 20.
352 4646 509 4713 fluctuant
533 4648 608 4713 libri
630 4649 714 4714 inter
733 4650 805 4730 πρὸς
828 4648 972 4729 εὐπορίαν
998 4650 1185 4727 ἐπιδώσομεν
1207 4661 1238 4714 et
1257 4651 1301 4721 εἷς
1320 4653 1410 4716 εὐπο-

238 4753 306 4834 ρίαν
335 4764 366 4817 el
395 4753 559 4820 ἐπιδιδόναι
590 4755 633 4830 είς
653 4779 683 4822 τι
705 4755 810 4822 multo
831 4753 977 4821 usitatius
997 4745 1056 4821 est.
1100 4744 1268 4821 Exciderat
1286 4754 1319 4820 iu
1340 4777 1411 4822 ora·
