<?xml version="1.0" encoding="UTF-8"?>
<!DOCTYPE html PUBLIC "-//W3C//DTD XHTML 1.0 Transitional//EN"
    "http://www.w3.org/TR/xhtml1/DTD/xhtml1-transitional.dtd">
<html xmlns="http://www.w3.org/1999/xhtml" xml:lang="en" lang="en">
 <head>
  <title>
</title>
<meta http-equiv="Content-Type" content="text/html;charset=utf-8" />
  <meta name='ocr-system' content='tesseract 3.04.00' />
  <meta name='ocr-capabilities' content='ocr_page ocr_carea ocr_par ocr_line ocrx_word'/>
</head>
<body>
  <div class='ocr_page' id='page_1' title='image "./variaelectiones01cobegoog_0175.png"; bbox 0 0 3309 5750; ppageno 0'>
   <div class='ocr_carea' id='block_1_1' title="bbox 755 633 793 696">
    <p class='ocr_par' dir='ltr' id='par_1_1' title="bbox 755 633 793 696">
     <span class='ocr_line' id='line_1_1' title="bbox 755 633 793 696; baseline 0.053 -2"><span class='ocrx_word' id='word_1_1' title='bbox 755 633 793 696; x_wconf 87' lang='grc'><strong>81</strong></span> 
     </span>
    </p>
   </div>
   <div class='ocr_carea' id='block_1_2' title="bbox 186 806 1380 1113">
    <p class='ocr_par' dir='ltr' id='par_1_2' title="bbox 186 806 1380 1113">
     <span class='ocr_line' id='line_1_2' title="bbox 187 806 1376 894; baseline -0.008 -14"><span class='ocrx_word' id='word_1_2' title='bbox 187 817 248 891; x_wconf 77' lang='lat' dir='ltr'><strong>st,</strong></span> <span class='ocrx_word' id='word_1_3' title='bbox 282 813 316 878; x_wconf 72' lang='lat'><strong>2.</strong></span> <span class='ocrx_word' id='word_1_4' title='bbox 334 809 419 894; x_wconf 82' lang='grc' dir='ltr'><strong><em>Φαοδ</em></strong></span> <span class='ocrx_word' id='word_1_5' title='bbox 443 806 684 890; x_wconf 66' lang='grc' dir='ltr'><strong>πυρεταίνοντάς</strong></span> <span class='ocrx_word' id='word_1_6' title='bbox 705 831 793 882; x_wconf 78' lang='grc' dir='ltr'><strong><em>τινας</em></strong></span> <span class='ocrx_word' id='word_1_7' title='bbox 817 809 876 884; x_wconf 72' lang='grc' dir='ltr'><strong>ἤδη</strong></span> <span class='ocrx_word' id='word_1_8' title='bbox 906 807 1086 872; x_wconf 75' lang='grc' dir='ltr'><strong><em>πεπαῦσθαι</em></strong></span> <span class='ocrx_word' id='word_1_9' title='bbox 1114 807 1180 872; x_wconf 67' lang='grc' dir='ltr'><strong>ἀπ’</strong></span> <span class='ocrx_word' id='word_1_10' title='bbox 1204 809 1301 874; x_wconf 82' lang='grc' dir='ltr'><strong><em>αὐτοῦ</em></strong></span> <span class='ocrx_word' id='word_1_11' title='bbox 1320 825 1376 892; x_wconf 82' lang='lat' dir='ltr'><strong>pro</strong></span> 
     </span>
     <span class='ocr_line' id='line_1_3' title="bbox 186 910 1376 1002; baseline -0.006 -19"><span class='ocrx_word' id='word_1_12' title='bbox 186 915 417 1001; x_wconf 71' lang='grc' dir='ltr'><strong><em>πορέτιινπαςς</em></strong></span> <span class='ocrx_word' id='word_1_13' title='bbox 442 919 534 978; x_wconf 88' lang='lat' dir='ltr'><strong>certa</strong></span> <span class='ocrx_word' id='word_1_14' title='bbox 556 910 644 982; x_wconf 88' lang='lat' dir='ltr'><strong>labes</strong></span> <span class='ocrx_word' id='word_1_15' title='bbox 662 921 718 1002; x_wconf 56' lang='lat' dir='ltr'><strong>‚est</strong></span> <span class='ocrx_word' id='word_1_16' title='bbox 747 923 780 979; x_wconf 88' lang='lat' dir='ltr'><strong>ct</strong></span> <span class='ocrx_word' id='word_1_17' title='bbox 809 912 935 979; x_wconf 81' lang='lat' dir='ltr'><strong>Editori</strong></span> <span class='ocrx_word' id='word_1_18' title='bbox 961 910 1108 999; x_wconf 88' lang='lat' dir='ltr'><strong>pudenda</strong></span> <span class='ocrx_word' id='word_1_19' title='bbox 1135 913 1169 977; x_wconf 93' lang='lat' dir='ltr'><strong>in</strong></span> <span class='ocrx_word' id='word_1_20' title='bbox 1192 914 1250 977; x_wconf 66' lang='grc' dir='ltr'><strong>ἀπ’</strong></span> <span class='ocrx_word' id='word_1_21' title='bbox 1280 914 1376 978; x_wconf 83' lang='grc' dir='ltr'><strong><em>αὐτοῦ</em></strong></span> 
     </span>
     <span class='ocr_line' id='line_1_4' title="bbox 187 1016 1380 1113; baseline -0.005 -23"><span class='ocrx_word' id='word_1_22' title='bbox 187 1043 249 1113; x_wconf 89' lang='lat' dir='ltr'><strong>pro</strong></span> <span class='ocrx_word' id='word_1_23' title='bbox 271 1023 325 1090; x_wconf 79' lang='grc' dir='ltr'><strong>ὑπ’</strong></span> <span class='ocrx_word' id='word_1_24' title='bbox 355 1022 464 1086; x_wconf 77' lang='grc' dir='ltr'><strong><em>αὐτοῦ.</em></strong></span> <span class='ocrx_word' id='word_1_25' title='bbox 489 1037 532 1084; x_wconf 90' lang='lat' dir='ltr'><strong>ne</strong></span> <span class='ocrx_word' id='word_1_26' title='bbox 558 1017 618 1084; x_wconf 91' lang='lat' dir='ltr'><strong>boc</strong></span> <span class='ocrx_word' id='word_1_27' title='bbox 639 1018 771 1106; x_wconf 89' lang='lat' dir='ltr'><strong>quidem</strong></span> <span class='ocrx_word' id='word_1_28' title='bbox 801 1019 931 1084; x_wconf 74' lang='lat' dir='ltr'><strong>Lucrino</strong></span> <span class='ocrx_word' id='word_1_29' title='bbox 966 1027 1015 1084; x_wconf 87' lang='lat' dir='ltr'><strong>est</strong></span> <span class='ocrx_word' id='word_1_30' title='bbox 1046 1016 1271 1103; x_wconf 86' lang='lat' dir='ltr'><strong>imputandum</strong></span> <span class='ocrx_word' id='word_1_31' title='bbox 1293 1016 1380 1104; x_wconf 82' lang='lat' dir='ltr'><strong>qrrod</strong></span> 
     </span>
    </p>
   </div>
   <div class='ocr_carea' id='block_1_3' title="bbox 153 1122 1391 4777">
    <p class='ocr_par' dir='ltr' id='par_1_3' title="bbox 153 1122 1391 4777">
     <span class='ocr_line' id='line_1_5' title="bbox 190 1122 1380 1217; baseline -0.007 -22"><span class='ocrx_word' id='word_1_32' title='bbox 190 1125 357 1217; x_wconf 75' lang='lat' dir='ltr'><strong>praeeedit</strong></span> <span class='ocrx_word' id='word_1_33' title='bbox 380 1123 502 1190; x_wconf 80' lang='grc' dir='ltr'><strong><em>ἔπαυσε</em></strong></span> <span class='ocrx_word' id='word_1_34' title='bbox 533 1124 646 1202; x_wconf 69' lang='grc' dir='ltr'><strong><em>μηκέτι</em></strong></span> <span class='ocrx_word' id='word_1_35' title='bbox 669 1127 852 1204; x_wconf 72' lang='grc' dir='ltr'><strong><em>λοιμώττειν</em></strong></span> <span class='ocrx_word' id='word_1_36' title='bbox 878 1124 1001 1198; x_wconf 85' lang='grc' dir='ltr'><strong><em>αθποθς.</em></strong></span> <span class='ocrx_word' id='word_1_37' title='bbox 1034 1125 1060 1188; x_wconf 93' lang='lat' dir='ltr'><strong>si</strong></span> <span class='ocrx_word' id='word_1_38' title='bbox 1085 1123 1203 1188; x_wconf 72' lang='lat' dir='ltr'><strong>inanes</strong></span> <span class='ocrx_word' id='word_1_39' title='bbox 1238 1122 1380 1188; x_wconf 78' lang='lat' dir='ltr'>dedisset</span> 
     </span>
     <span class='ocr_line' id='line_1_6' title="bbox 190 1227 1379 1314; baseline -0.007 -13"><span class='ocrx_word' id='word_1_40' title='bbox 190 1235 421 1314; x_wconf 77' lang='grc' dir='ltr'><strong><em>λιιμθτπονπας</em></strong></span> <span class='ocrx_word' id='word_1_41' title='bbox 453 1227 649 1307; x_wconf 72' lang='lat' dir='ltr'><strong>addidisset,</strong></span> <span class='ocrx_word' id='word_1_42' title='bbox 679 1229 766 1296; x_wconf 80' lang='lat' dir='ltr'><strong>dedit</strong></span> <span class='ocrx_word' id='word_1_43' title='bbox 794 1231 928 1304; x_wconf 78' lang='grc' dir='ltr'><strong><em>ἐποθιιοε.</em></strong></span> <span class='ocrx_word' id='word_1_44' title='bbox 986 1229 1217 1313; x_wconf 80' lang='lat' dir='ltr'><strong>Corrigendom</strong></span> <span class='ocrx_word' id='word_1_45' title='bbox 1242 1235 1311 1294; x_wconf 85' lang='lat' dir='ltr'><strong>erat</strong></span> <span class='ocrx_word' id='word_1_46' title='bbox 1335 1233 1379 1304; x_wconf 85' lang='lat' dir='ltr'><strong>s,</strong></span> 
     </span>
     <span class='ocr_line' id='line_1_7' title="bbox 193 1333 1379 1418; baseline -0.008 -13"><span class='ocrx_word' id='word_1_47' title='bbox 193 1344 236 1405; x_wconf 69' lang='lat'><strong>22</strong></span> <span class='ocrx_word' id='word_1_48' title='bbox 249 1389 260 1418; x_wconf 95' lang='lat'><strong>,</strong></span> <span class='ocrx_word' id='word_1_49' title='bbox 278 1345 308 1403; x_wconf 90' lang='lat'><strong>1.</strong></span> <span class='ocrx_word' id='word_1_50' title='bbox 339 1337 529 1408; x_wconf 70' lang='grc' dir='ltr'><strong>παιδοποιεῖς</strong></span> <span class='ocrx_word' id='word_1_51' title='bbox 554 1335 587 1398; x_wconf 84' lang='grc'><strong>111</strong></span> <span class='ocrx_word' id='word_1_52' title='bbox 615 1336 809 1411; x_wconf 81' lang='grc' dir='ltr'><strong><em>παιδοποιεῑ,</em></strong></span> <span class='ocrx_word' id='word_1_53' title='bbox 834 1356 908 1400; x_wconf 86' lang='lat' dir='ltr'><strong>num</strong></span> <span class='ocrx_word' id='word_1_54' title='bbox 929 1342 1113 1400; x_wconf 74' lang='lat' dir='ltr'>constanter</span> <span class='ocrx_word' id='word_1_55' title='bbox 1136 1333 1379 1400; x_wconf 74' lang='grc' dir='ltr'><strong><em>παιδοποιεῖσθαι</em></strong></span> 
     </span>
     <span class='ocr_line' id='line_1_8' title="bbox 191 1437 1378 1522; baseline -0.008 -11"><span class='ocrx_word' id='word_1_56' title='bbox 191 1443 356 1510; x_wconf 87' lang='lat' dir='ltr'><strong>dicebaut.</strong></span> <span class='ocrx_word' id='word_1_57' title='bbox 380 1439 634 1506; x_wconf 80' lang='lat' dir='ltr'><strong>biaieliesrrnos</strong></span> <span class='ocrx_word' id='word_1_58' title='bbox 655 1442 795 1506; x_wconf 86' lang='lat' dir='ltr'><strong>serravit</strong></span> <span class='ocrx_word' id='word_1_59' title='bbox 817 1445 877 1519; x_wconf 75' lang='lat' dir='ltr'><strong>bb,</strong></span> <span class='ocrx_word' id='word_1_60' title='bbox 899 1445 952 1506; x_wconf 79' lang='lat' dir='ltr'><strong>en.</strong></span> <span class='ocrx_word' id='word_1_61' title='bbox 977 1449 1009 1506; x_wconf 88' lang='lat' dir='ltr'><strong>et</strong></span> <span class='ocrx_word' id='word_1_62' title='bbox 1035 1441 1095 1516; x_wconf 84' lang='lat' dir='ltr'><strong>to,</strong></span> <span class='ocrx_word' id='word_1_63' title='bbox 1117 1445 1169 1505; x_wconf 73' lang='grc'><strong>15.</strong></span> <span class='ocrx_word' id='word_1_64' title='bbox 1196 1439 1246 1504; x_wconf 76' lang='grc' dir='ltr'><strong>ἐπὶ</strong></span> <span class='ocrx_word' id='word_1_65' title='bbox 1268 1437 1378 1522; x_wconf 82' lang='grc' dir='ltr'><strong><em>ξειθρι</em></strong></span> 
     </span>
     <span class='ocr_line' id='line_1_9' title="bbox 196 1542 1380 1632; baseline -0.006 -18"><span class='ocrx_word' id='word_1_66' title='bbox 196 1546 331 1614; x_wconf 68' lang='grc' dir='ltr'><strong><em>ἐκάλουν</em></strong></span> <span class='ocrx_word' id='word_1_67' title='bbox 358 1543 459 1610; x_wconf 82' lang='grc' dir='ltr'><strong>ιι11π1</strong></span> <span class='ocrx_word' id='word_1_68' title='bbox 484 1542 589 1628; x_wconf 76' lang='grc' dir='ltr'><strong><em>ξειθρ</em></strong></span> <span class='ocrx_word' id='word_1_69' title='bbox 614 1569 651 1610; x_wconf 83' lang='grc' dir='ltr'><strong><em>οε</em></strong></span> <span class='ocrx_word' id='word_1_70' title='bbox 673 1552 849 1626; x_wconf 79' lang='grc' dir='ltr'><strong><em>καλοῦμεν,</em></strong></span> <span class='ocrx_word' id='word_1_71' title='bbox 875 1565 957 1631; x_wconf 87' lang='lat' dir='ltr'><strong>quae</strong></span> <span class='ocrx_word' id='word_1_72' title='bbox 980 1547 1160 1632; x_wconf 85' lang='lat' dir='ltr'><strong>scriptura,</strong></span> <span class='ocrx_word' id='word_1_73' title='bbox 1185 1562 1380 1631; x_wconf 77' lang='lat' dir='ltr'><strong>‹poamquanr</strong></span> 
     </span>
     <span class='ocr_line' id='line_1_10' title="bbox 199 1647 1381 1736; baseline -0.003 -19"><span class='ocrx_word' id='word_1_74' title='bbox 199 1650 381 1718; x_wconf 74' lang='lat' dir='ltr'><strong>sexcenties</strong></span> <span class='ocrx_word' id='word_1_75' title='bbox 401 1649 446 1736; x_wconf 63' lang='lat' dir='ltr'><strong>,io</strong></span> <span class='ocrx_word' id='word_1_76' title='bbox 468 1649 631 1716; x_wconf 73' lang='lat' dir='ltr'><strong>codicibus</strong></span> <span class='ocrx_word' id='word_1_77' title='bbox 652 1653 812 1729; x_wconf 74' lang='lat' dir='ltr'><strong>recurrit,</strong></span> <span class='ocrx_word' id='word_1_78' title='bbox 845 1650 1013 1717; x_wconf 79' lang='lat' dir='ltr'><strong>manifesto</strong></span> <span class='ocrx_word' id='word_1_79' title='bbox 1040 1650 1176 1718; x_wconf 87' lang='lat' dir='ltr'><strong>absurda</strong></span> <span class='ocrx_word' id='word_1_80' title='bbox 1212 1658 1269 1716; x_wconf 87' lang='lat' dir='ltr'><strong>est.</strong></span> <span class='ocrx_word' id='word_1_81' title='bbox 1318 1647 1381 1729; x_wconf 83' lang='lat' dir='ltr'><strong>Qui</strong></span> 
     </span>
     <span class='ocr_line' id='line_1_11' title="bbox 198 1753 1380 1842; baseline -0.003 -20"><span class='ocrx_word' id='word_1_82' title='bbox 198 1756 297 1823; x_wconf 83' lang='grc' dir='ltr'><strong><em>οιύοπι</em></strong></span> <span class='ocrx_word' id='word_1_83' title='bbox 316 1753 357 1820; x_wconf 88' lang='lat' dir='ltr'><strong>ad</strong></span> <span class='ocrx_word' id='word_1_84' title='bbox 374 1773 503 1820; x_wconf 83' lang='lat' dir='ltr'><strong>coenam</strong></span> <span class='ocrx_word' id='word_1_85' title='bbox 527 1763 619 1824; x_wconf 84' lang='lat' dir='ltr'><strong>vocat</strong></span> <span class='ocrx_word' id='word_1_86' title='bbox 642 1755 764 1822; x_wconf 87' lang='lat' dir='ltr'><strong>dicitur</strong></span> <span class='ocrx_word' id='word_1_87' title='bbox 785 1756 837 1822; x_wconf 78' lang='grc' dir='ltr'><strong>ἐπὶ</strong></span> <span class='ocrx_word' id='word_1_88' title='bbox 856 1758 974 1823; x_wconf 74' lang='grc' dir='ltr'><strong><em>δεῖπνον</em></strong></span> <span class='ocrx_word' id='word_1_89' title='bbox 995 1766 1124 1834; x_wconf 75' lang='grc' dir='ltr'><strong><em>καλεῖν,</em></strong></span> <span class='ocrx_word' id='word_1_90' title='bbox 1148 1757 1204 1842; x_wconf 87' lang='lat' dir='ltr'><strong>qui</strong></span> <span class='ocrx_word' id='word_1_91' title='bbox 1230 1755 1380 1840; x_wconf 82' lang='lat' dir='ltr'><strong>bospitenr</strong></span> 
     </span>
     <span class='ocr_line' id='line_1_12' title="bbox 194 1859 1382 1950; baseline -0.003 -22"><span class='ocrx_word' id='word_1_92' title='bbox 194 1869 307 1928; x_wconf 77' lang='grc' dir='ltr'><strong><em>καλεῖν</em></strong></span> <span class='ocrx_word' id='word_1_93' title='bbox 332 1862 385 1928; x_wconf 74' lang='grc' dir='ltr'><strong>ἐπὶ</strong></span> <span class='ocrx_word' id='word_1_94' title='bbox 408 1859 511 1938; x_wconf 67' lang='lat' dir='ltr'><strong>ticin,</strong></span> <span class='ocrx_word' id='word_1_95' title='bbox 535 1879 637 1947; x_wconf 85' lang='lat' dir='ltr'><strong>eaque</strong></span> <span class='ocrx_word' id='word_1_96' title='bbox 669 1880 720 1927; x_wconf 88' lang='lat' dir='ltr'><strong>res</strong></span> <span class='ocrx_word' id='word_1_97' title='bbox 742 1865 777 1930; x_wconf 79' lang='lat' dir='ltr'><strong>rt</strong></span> <span class='ocrx_word' id='word_1_98' title='bbox 805 1864 924 1929; x_wconf 81' lang='grc' dir='ltr'><strong><em>δεῖπνον</em></strong></span> <span class='ocrx_word' id='word_1_99' title='bbox 953 1863 1131 1950; x_wconf 84' lang='lat' dir='ltr'><strong>eppettutur</strong></span> <span class='ocrx_word' id='word_1_100' title='bbox 1153 1871 1185 1928; x_wconf 87' lang='lat' dir='ltr'><strong>et</strong></span> <span class='ocrx_word' id='word_1_101' title='bbox 1213 1863 1255 1927; x_wconf 78' lang='grc' dir='ltr'><strong>ιδ</strong></span> <span class='ocrx_word' id='word_1_102' title='bbox 1275 1860 1382 1938; x_wconf 72' lang='grc' dir='ltr'><strong><em>ξένιος</em></strong></span> 
     </span>
     <span class='ocr_line' id='line_1_13' title="bbox 192 1964 1382 2054; baseline -0.003 -20"><span class='ocrx_word' id='word_1_103' title='bbox 192 1985 289 2054; x_wconf 83' lang='lat' dir='ltr'><strong>saepe</strong></span> <span class='ocrx_word' id='word_1_104' title='bbox 306 1965 411 2044; x_wconf 73' lang='grc' dir='ltr'><strong><em>ξενίου</em></strong></span> <span class='ocrx_word' id='word_1_105' title='bbox 430 1973 463 2032; x_wconf 89' lang='lat' dir='ltr'><strong>et</strong></span> <span class='ocrx_word' id='word_1_106' title='bbox 485 1964 591 2043; x_wconf 76' lang='grc' dir='ltr'><strong><em>ξενίοις</em></strong></span> <span class='ocrx_word' id='word_1_107' title='bbox 610 1965 747 2052; x_wconf 80' lang='lat' dir='ltr'><strong>iegitur:</strong></span> <span class='ocrx_word' id='word_1_108' title='bbox 776 1969 855 2034; x_wconf 88' lang='lat' dir='ltr'><strong>nihii</strong></span> <span class='ocrx_word' id='word_1_109' title='bbox 880 1968 993 2033; x_wconf 87' lang='lat' dir='ltr'><strong>borum</strong></span> <span class='ocrx_word' id='word_1_110' title='bbox 1020 1969 1118 2033; x_wconf 80' lang='lat' dir='ltr'><strong>inerit</strong></span> <span class='ocrx_word' id='word_1_111' title='bbox 1137 1967 1294 2044; x_wconf 86' lang='lat' dir='ltr'><strong>librarios,</strong></span> <span class='ocrx_word' id='word_1_112' title='bbox 1325 1967 1382 2052; x_wconf 86' lang='lat' dir='ltr'><strong>qui</strong></span> 
     </span>
     <span class='ocr_line' id='line_1_14' title="bbox 191 2070 1381 2158; baseline -0.002 -20"><span class='ocrx_word' id='word_1_113' title='bbox 191 2071 261 2140; x_wconf 83' lang='lat' dir='ltr'><strong>tere</strong></span> <span class='ocrx_word' id='word_1_114' title='bbox 286 2071 405 2158; x_wconf 84' lang='lat' dir='ltr'><strong>ubique</strong></span> <span class='ocrx_word' id='word_1_115' title='bbox 425 2072 478 2138; x_wconf 74' lang='grc' dir='ltr'><strong>ἐπὶ</strong></span> <span class='ocrx_word' id='word_1_116' title='bbox 510 2070 597 2156; x_wconf 70' lang='grc' dir='ltr'><strong><em>ξενίᾳ</em></strong></span> <span class='ocrx_word' id='word_1_117' title='bbox 621 2072 697 2139; x_wconf 87' lang='lat' dir='ltr'><strong>dare</strong></span> <span class='ocrx_word' id='word_1_118' title='bbox 721 2072 843 2140; x_wconf 87' lang='lat' dir='ltr'><strong>soient:</strong></span> <span class='ocrx_word' id='word_1_119' title='bbox 871 2073 1051 2140; x_wconf 85' lang='lat' dir='ltr'><strong>scribarum</strong></span> <span class='ocrx_word' id='word_1_120' title='bbox 1076 2074 1251 2139; x_wconf 85' lang='lat' dir='ltr'><strong>auotoritas</strong></span> <span class='ocrx_word' id='word_1_121' title='bbox 1271 2072 1381 2137; x_wconf 90' lang='lat' dir='ltr'><strong>doctos</strong></span> 
     </span>
     <span class='ocr_line' id='line_1_15' title="bbox 192 2177 1380 2265; baseline -0.002 -21"><span class='ocrx_word' id='word_1_122' title='bbox 192 2177 315 2256; x_wconf 84' lang='lat' dir='ltr'><strong>trabit,</strong></span> <span class='ocrx_word' id='word_1_123' title='bbox 346 2177 433 2265; x_wconf 90' lang='lat' dir='ltr'><strong>quod</strong></span> <span class='ocrx_word' id='word_1_124' title='bbox 457 2187 571 2244; x_wconf 88' lang='lat' dir='ltr'><strong>contra</strong></span> <span class='ocrx_word' id='word_1_125' title='bbox 601 2179 780 2265; x_wconf 80' lang='lat' dir='ltr'><strong>oportebat.</strong></span> <span class='ocrx_word' id='word_1_126' title='bbox 828 2179 995 2246; x_wconf 87' lang='lat' dir='ltr'><strong>Soioecum</strong></span> <span class='ocrx_word' id='word_1_127' title='bbox 1020 2188 1068 2246; x_wconf 89' lang='lat' dir='ltr'><strong>est</strong></span> <span class='ocrx_word' id='word_1_128' title='bbox 1098 2186 1137 2254; x_wconf 90' lang='lat' dir='ltr'><strong>t,</strong></span> <span class='ocrx_word' id='word_1_129' title='bbox 1167 2181 1197 2242; x_wconf 67' lang='grc' dir='ltr'><strong>Ξ.</strong></span> <span class='ocrx_word' id='word_1_130' title='bbox 1229 2179 1380 2258; x_wconf 79' lang='grc' dir='ltr'><strong><em>ἑρμογλυ·</em></strong></span> 
     </span>
     <span class='ocr_line' id='line_1_16' title="bbox 197 2281 1382 2372; baseline 0 -24"><span class='ocrx_word' id='word_1_131' title='bbox 197 2281 303 2366; x_wconf 78' lang='grc' dir='ltr'><strong><em>φεθς,</em></strong></span> <span class='ocrx_word' id='word_1_132' title='bbox 320 2301 402 2369; x_wconf 82' lang='lat' dir='ltr'><strong>quae</strong></span> <span class='ocrx_word' id='word_1_133' title='bbox 430 2281 532 2349; x_wconf 83' lang='lat' dir='ltr'><strong>torma</strong></span> <span class='ocrx_word' id='word_1_134' title='bbox 558 2303 659 2370; x_wconf 86' lang='lat' dir='ltr'><strong>aeque</strong></span> <span class='ocrx_word' id='word_1_135' title='bbox 689 2286 803 2351; x_wconf 80' lang='lat' dir='ltr'><strong>vitiosa</strong></span> <span class='ocrx_word' id='word_1_136' title='bbox 831 2294 880 2351; x_wconf 85' lang='lat' dir='ltr'><strong>est</strong></span> <span class='ocrx_word' id='word_1_137' title='bbox 912 2305 949 2350; x_wconf 87' lang='lat' dir='ltr'><strong>ac</strong></span> <span class='ocrx_word' id='word_1_138' title='bbox 982 2287 1008 2350; x_wconf 89' lang='lat' dir='ltr'><strong>si</strong></span> <span class='ocrx_word' id='word_1_139' title='bbox 1030 2286 1103 2372; x_wconf 88' lang='lat' dir='ltr'><strong>quis</strong></span> <span class='ocrx_word' id='word_1_140' title='bbox 1123 2284 1307 2366; x_wconf 70' lang='grc' dir='ltr'><strong><em>ζῳγραφεθς</em></strong></span> <span class='ocrx_word' id='word_1_141' title='bbox 1333 2281 1382 2348; x_wconf 88' lang='lat' dir='ltr'><strong>ret</strong></span> 
     </span>
     <span class='ocr_line' id='line_1_17' title="bbox 198 2386 1383 2473; baseline -0.003 -19"><span class='ocrx_word' id='word_1_142' title='bbox 198 2389 401 2471; x_wconf 86' lang='grc' dir='ltr'><strong><em>ιιοροπλαθεθς</em></strong></span> <span class='ocrx_word' id='word_1_143' title='bbox 418 2388 572 2456; x_wconf 83' lang='lat' dir='ltr'><strong>voluisset</strong></span> <span class='ocrx_word' id='word_1_144' title='bbox 595 2389 712 2455; x_wconf 85' lang='lat' dir='ltr'><strong>dicere.</strong></span> <span class='ocrx_word' id='word_1_145' title='bbox 766 2391 916 2455; x_wconf 81' lang='lat' dir='ltr'><strong>Graecum</strong></span> <span class='ocrx_word' id='word_1_146' title='bbox 938 2402 986 2456; x_wconf 89' lang='lat' dir='ltr'><strong>cst</strong></span> <span class='ocrx_word' id='word_1_147' title='bbox 1003 2392 1224 2472; x_wconf 74' lang='grc' dir='ltr'><strong><em>ἑρμογλύφος,</em></strong></span> <span class='ocrx_word' id='word_1_148' title='bbox 1240 2386 1325 2473; x_wconf 83' lang='lat' dir='ltr'><strong>qtiod</strong></span> <span class='ocrx_word' id='word_1_149' title='bbox 1350 2387 1383 2450; x_wconf 92' lang='lat' dir='ltr'><strong>iu</strong></span> 
     </span>
     <span class='ocr_line' id='line_1_18' title="bbox 195 2491 1385 2581; baseline -0.003 -19"><span class='ocrx_word' id='word_1_150' title='bbox 195 2491 307 2562; x_wconf 79' lang='lat' dir='ltr'><strong>eodem</strong></span> <span class='ocrx_word' id='word_1_151' title='bbox 333 2492 417 2560; x_wconf 85' lang='lat' dir='ltr'><strong>iibro</strong></span> <span class='ocrx_word' id='word_1_152' title='bbox 440 2493 534 2580; x_wconf 86' lang='lat' dir='ltr'><strong>paulo</strong></span> <span class='ocrx_word' id='word_1_153' title='bbox 566 2503 642 2560; x_wconf 89' lang='lat' dir='ltr'><strong>ante</strong></span> <span class='ocrx_word' id='word_1_154' title='bbox 671 2502 759 2560; x_wconf 87' lang='lat' dir='ltr'><strong>recto</strong></span> <span class='ocrx_word' id='word_1_155' title='bbox 792 2495 921 2581; x_wconf 82' lang='lat' dir='ltr'><strong>legitur.</strong></span> <span class='ocrx_word' id='word_1_156' title='bbox 976 2496 1038 2561; x_wconf 81' lang='lat' dir='ltr'><strong>l‘ro</strong></span> <span class='ocrx_word' id='word_1_157' title='bbox 1067 2495 1193 2575; x_wconf 81' lang='grc' dir='ltr'><strong><em>ἔνορχιν.</em></strong></span> <span class='ocrx_word' id='word_1_158' title='bbox 1224 2497 1385 2568; x_wconf 81' lang='grc'><strong>8,1,1.</strong></span> 
     </span>
     <span class='ocr_line' id='line_1_19' title="bbox 153 2597 1384 2686; baseline -0.002 -20"><span class='ocrx_word' id='word_1_159' title='bbox 153 2673 159 2684; x_wconf 53' lang='grc'><strong><em>,</em></strong></span> <span class='ocrx_word' id='word_1_160' title='bbox 194 2607 229 2666; x_wconf 90' lang='lat' dir='ltr'><strong>et</strong></span> <span class='ocrx_word' id='word_1_161' title='bbox 257 2597 336 2666; x_wconf 89' lang='lat' dir='ltr'><strong>aiibi</strong></span> <span class='ocrx_word' id='word_1_162' title='bbox 371 2598 591 2686; x_wconf 85' lang='lat' dir='ltr'><strong>reponendum</strong></span> <span class='ocrx_word' id='word_1_163' title='bbox 623 2599 892 2683; x_wconf 73' lang='grc' dir='ltr'><strong><em>1ιιεευιέοθρχχι.</em></strong></span> <span class='ocrx_word' id='word_1_164' title='bbox 950 2601 986 2666; x_wconf 93' lang='lat' dir='ltr'><strong>ln</strong></span> <span class='ocrx_word' id='word_1_165' title='bbox 1024 2599 1206 2684; x_wconf 77' lang='lat' dir='ltr'><strong>Leciptronn</strong></span> <span class='ocrx_word' id='word_1_166' title='bbox 1238 2601 1298 2673; x_wconf 81' lang='lat'><strong>54,</strong></span> <span class='ocrx_word' id='word_1_167' title='bbox 1331 2602 1384 2663; x_wconf 89' lang='lat'><strong>11.</strong></span> 
     </span>
     <span class='ocr_line' id='line_1_20' title="bbox 192 2701 1386 2792; baseline -0.003 -20"><span class='ocrx_word' id='word_1_168' title='bbox 192 2705 498 2790; x_wconf 72' lang='grc' dir='ltr'><strong><em>θεοιχθρθρ-οχεθείς</em></strong></span> <span class='ocrx_word' id='word_1_169' title='bbox 528 2705 620 2792; x_wconf 87' lang='lat' dir='ltr'><strong>plane</strong></span> <span class='ocrx_word' id='word_1_170' title='bbox 647 2705 818 2771; x_wconf 85' lang='lat' dir='ltr'><strong>barbarum</strong></span> <span class='ocrx_word' id='word_1_171' title='bbox 842 2715 909 2783; x_wconf 87' lang='lat' dir='ltr'><strong>est,</strong></span> <span class='ocrx_word' id='word_1_172' title='bbox 929 2726 948 2772; x_wconf 91' lang='lat' dir='ltr'><strong>a</strong></span> <span class='ocrx_word' id='word_1_173' title='bbox 971 2708 1046 2780; x_wconf 84' lang='grc' dir='ltr'><strong><em>θεοῖς</em></strong></span> <span class='ocrx_word' id='word_1_174' title='bbox 1069 2704 1175 2787; x_wconf 77' lang='grc' dir='ltr'><strong><em>ἐχθρός</em></strong></span> <span class='ocrx_word' id='word_1_175' title='bbox 1198 2701 1386 2768; x_wconf 82' lang='lat' dir='ltr'><strong>derivabant</strong></span> 
     </span>
     <span class='ocr_line' id='line_1_21' title="bbox 194 2809 1383 2898; baseline -0.003 -19"><span class='ocrx_word' id='word_1_176' title='bbox 194 2810 411 2894; x_wconf 71' lang='grc' dir='ltr'><strong><em>θεοισεχθρία,</em></strong></span> <span class='ocrx_word' id='word_1_177' title='bbox 429 2809 514 2898; x_wconf 87' lang='lat' dir='ltr'><strong>quod</strong></span> <span class='ocrx_word' id='word_1_178' title='bbox 542 2809 627 2896; x_wconf 88' lang='lat' dir='ltr'><strong>apud</strong></span> <span class='ocrx_word' id='word_1_179' title='bbox 650 2811 883 2879; x_wconf 78' lang='lat' dir='ltr'><strong>Aorsrorurnru</strong></span> <span class='ocrx_word' id='word_1_180' title='bbox 901 2820 933 2879; x_wconf 90' lang='lat' dir='ltr'><strong>et</strong></span> <span class='ocrx_word' id='word_1_181' title='bbox 957 2812 1181 2880; x_wconf 82' lang='lat' dir='ltr'><strong>Dsuosruessu</strong></span> <span class='ocrx_word' id='word_1_182' title='bbox 1201 2810 1254 2873; x_wconf 85' lang='lat' dir='ltr'><strong>vix</strong></span> <span class='ocrx_word' id='word_1_183' title='bbox 1270 2809 1383 2875; x_wconf 87' lang='lat' dir='ltr'><strong>evasit.</strong></span> 
     </span>
     <span class='ocr_line' id='line_1_22' title="bbox 195 2915 1385 3003; baseline -0.004 -17"><span class='ocrx_word' id='word_1_184' title='bbox 195 2917 369 2986; x_wconf 75' lang='lat' dir='ltr'><strong>Exstincto</strong></span> <span class='ocrx_word' id='word_1_185' title='bbox 392 2923 440 2983; x_wconf 87' lang='lat' dir='ltr'><strong>est</strong></span> <span class='ocrx_word' id='word_1_186' title='bbox 465 2936 485 2980; x_wconf 84' lang='lat' dir='ltr'><strong>a</strong></span> <span class='ocrx_word' id='word_1_187' title='bbox 508 2915 674 2983; x_wconf 84' lang='lat' dir='ltr'><strong>Graecutis</strong></span> <span class='ocrx_word' id='word_1_188' title='bbox 697 2918 798 2985; x_wconf 85' lang='lat' dir='ltr'><strong>torma</strong></span> <span class='ocrx_word' id='word_1_189' title='bbox 823 2928 915 2986; x_wconf 88' lang='lat' dir='ltr'><strong>vetos</strong></span> <span class='ocrx_word' id='word_1_190' title='bbox 941 2925 1002 2996; x_wconf 79' lang='grc'><strong>16,</strong></span> <span class='ocrx_word' id='word_1_191' title='bbox 1033 2924 1086 2985; x_wconf 77' lang='lat' dir='ltr'><strong>er.</strong></span> <span class='ocrx_word' id='word_1_192' title='bbox 1112 2917 1165 2983; x_wconf 92' lang='lat' dir='ltr'><strong>ubi</strong></span> <span class='ocrx_word' id='word_1_193' title='bbox 1190 2915 1319 3003; x_wconf 88' lang='lat' dir='ltr'><strong>quaerit</strong></span> <span class='ocrx_word' id='word_1_194' title='bbox 1345 2935 1385 2981; x_wconf 85' lang='lat' dir='ltr'><strong>cx</strong></span> 
     </span>
     <span class='ocr_line' id='line_1_23' title="bbox 194 3021 1382 3104; baseline -0.001 -16"><span class='ocrx_word' id='word_1_195' title='bbox 194 3022 417 3089; x_wconf 72' lang='lat' dir='ltr'><strong>Iessorsnrrro</strong></span> <span class='ocrx_word' id='word_1_196' title='bbox 446 3021 567 3087; x_wconf 82' lang='lat' dir='ltr'><strong>lurrrsn</strong></span> <span class='ocrx_word' id='word_1_197' title='bbox 601 3041 641 3088; x_wconf 86' lang='lat' dir='ltr'><strong>an</strong></span> <span class='ocrx_word' id='word_1_198' title='bbox 673 3023 733 3088; x_wconf 87' lang='lat' dir='ltr'><strong>sibi</strong></span> <span class='ocrx_word' id='word_1_199' title='bbox 755 3024 956 3091; x_wconf 75' lang='lat' dir='ltr'><strong>Athenienses</strong></span> <span class='ocrx_word' id='word_1_200' title='bbox 983 3028 1018 3092; x_wconf 84' lang='grc' dir='ltr'><strong>πθ</strong></span> <span class='ocrx_word' id='word_1_201' title='bbox 1038 3025 1215 3104; x_wconf 89' lang='grc' dir='ltr'><strong><em>Ὀλθμπιον</em></strong></span> <span class='ocrx_word' id='word_1_202' title='bbox 1243 3021 1382 3088; x_wconf 80' lang='grc' dir='ltr'><strong><em>ε’πιπελὲ·</em></strong></span> 
     </span>
     <span class='ocr_line' id='line_1_24' title="bbox 195 3126 1367 3214; baseline -0.002 -20"><span class='ocrx_word' id='word_1_203' title='bbox 195 3150 251 3195; x_wconf 83' lang='grc' dir='ltr'><strong>σαι</strong></span> <span class='ocrx_word' id='word_1_204' title='bbox 265 3126 473 3193; x_wconf 76' lang='grc' dir='ltr'><strong><em>διανοοῦνταιε</em></strong></span> <span class='ocrx_word' id='word_1_205' title='bbox 497 3136 655 3212; x_wconf 89' lang='lat' dir='ltr'><strong>quantum</strong></span> <span class='ocrx_word' id='word_1_206' title='bbox 677 3130 811 3214; x_wconf 82' lang='lat' dir='ltr'><strong>periculi</strong></span> <span class='ocrx_word' id='word_1_207' title='bbox 830 3150 848 3195; x_wconf 85' lang='lat' dir='ltr'><strong>a</strong></span> <span class='ocrx_word' id='word_1_208' title='bbox 872 3131 1038 3197; x_wconf 83' lang='lat' dir='ltr'><strong>Graeculis</strong></span> <span class='ocrx_word' id='word_1_209' title='bbox 1055 3130 1238 3214; x_wconf 86' lang='lat' dir='ltr'><strong>impendeat</strong></span> <span class='ocrx_word' id='word_1_210' title='bbox 1254 3127 1367 3194; x_wconf 79' lang='lat' dir='ltr'><strong>formis</strong></span> 
     </span>
     <span class='ocr_line' id='line_1_25' title="bbox 198 3232 1386 3319; baseline 0.002 -20"><span class='ocrx_word' id='word_1_211' title='bbox 198 3232 372 3319; x_wconf 83' lang='lat' dir='ltr'><strong>inquibus</strong></span> <span class='ocrx_word' id='word_1_212' title='bbox 398 3256 436 3298; x_wconf 90' lang='grc' dir='ltr'><strong>ιει</strong></span> <span class='ocrx_word' id='word_1_213' title='bbox 460 3241 671 3309; x_wconf 81' lang='lat' dir='ltr'><strong>concurrant,</strong></span> <span class='ocrx_word' id='word_1_214' title='bbox 688 3234 833 3302; x_wconf 85' lang='lat' dir='ltr'><strong>ostendet</strong></span> <span class='ocrx_word' id='word_1_215' title='bbox 857 3234 909 3301; x_wconf 88' lang='lat' dir='ltr'><strong>bio</strong></span> <span class='ocrx_word' id='word_1_216' title='bbox 932 3236 1021 3301; x_wconf 88' lang='lat' dir='ltr'><strong>locus</strong></span> <span class='ocrx_word' id='word_1_217' title='bbox 1044 3237 1076 3299; x_wconf 94' lang='lat' dir='ltr'><strong>in</strong></span> <span class='ocrx_word' id='word_1_218' title='bbox 1100 3234 1215 3299; x_wconf 81' lang='lat' dir='ltr'><strong>Lecieo</strong></span> <span class='ocrx_word' id='word_1_219' title='bbox 1236 3235 1386 3301; x_wconf 84' lang='lat' dir='ltr'><strong>Puornv.</strong></span> 
     </span>
     <span class='ocr_line' id='line_1_26' title="bbox 201 3338 1386 3422; baseline 0.001 -19"><span class='ocrx_word' id='word_1_220' title='bbox 201 3338 385 3419; x_wconf 73' lang='grc' dir='ltr'><strong><em>Ὀλύμπιοι</em></strong></span> <span class='ocrx_word' id='word_1_221' title='bbox 408 3338 452 3403; x_wconf 73' lang='grc' dir='ltr'><strong><em>τοι</em></strong></span> <span class='ocrx_word' id='word_1_222' title='bbox 476 3339 506 3403; x_wconf 80' lang='grc' dir='ltr'><strong>ἐν</strong></span> <span class='ocrx_word' id='word_1_223' title='bbox 530 3340 610 3420; x_wconf 73' lang='lat' dir='ltr'><strong>[tien</strong></span> <span class='ocrx_word' id='word_1_224' title='bbox 632 3338 800 3418; x_wconf 82' lang='grc' dir='ltr'><strong><em>Ὀλύμπιοι</em></strong></span> <span class='ocrx_word' id='word_1_225' title='bbox 831 3342 884 3406; x_wconf 76' lang='grc' dir='ltr'><strong>καὶ</strong></span> <span class='ocrx_word' id='word_1_226' title='bbox 908 3342 941 3407; x_wconf 84' lang='grc' dir='ltr'><strong>τδ</strong></span> <span class='ocrx_word' id='word_1_227' title='bbox 962 3343 1036 3422; x_wconf 73' lang='grc' dir='ltr'><strong><em>ιἐρδν</em></strong></span> <span class='ocrx_word' id='word_1_228' title='bbox 1059 3340 1276 3419; x_wconf 83' lang='grc' dir='ltr'><strong><em>Ὀλύμπιον</em></strong></span> <span class='ocrx_word' id='word_1_229' title='bbox 1305 3363 1386 3404; x_wconf 88' lang='grc' dir='ltr'><strong><em>πει·</em></strong></span> 
     </span>
     <span class='ocr_line' id='line_1_27' title="bbox 203 3443 1386 3530; baseline -0.002 -21"><span class='ocrx_word' id='word_1_230' title='bbox 203 3443 471 3524; x_wconf 77' lang='grc' dir='ltr'><strong><em>παπυλλιθβοις</em></strong></span> <span class='ocrx_word' id='word_1_231' title='bbox 490 3447 530 3518; x_wconf 65' lang='grc' dir='ltr'><strong><em>οἷς</em></strong></span> <span class='ocrx_word' id='word_1_232' title='bbox 548 3449 784 3519; x_wconf 73' lang='grc' dir='ltr'><strong><em>Ἀοαλιιπιεῖονε</em></strong></span> <span class='ocrx_word' id='word_1_233' title='bbox 816 3448 871 3530; x_wconf 84' lang='lat' dir='ltr'><strong>qui</strong></span> <span class='ocrx_word' id='word_1_234' title='bbox 897 3466 937 3511; x_wconf 91' lang='lat' dir='ltr'><strong>ne</strong></span> <span class='ocrx_word' id='word_1_235' title='bbox 959 3445 1013 3510; x_wconf 91' lang='lat' dir='ltr'><strong>hie</strong></span> <span class='ocrx_word' id='word_1_236' title='bbox 1040 3444 1169 3530; x_wconf 85' lang='lat' dir='ltr'><strong>quidem</strong></span> <span class='ocrx_word' id='word_1_237' title='bbox 1182 3445 1386 3522; x_wconf 74' lang='grc' dir='ltr'><strong><em>Ὀλυμπίειον</em></strong></span> 
     </span>
     <span class='ocr_line' id='line_1_28' title="bbox 200 3546 1391 3635; baseline -0.002 -20"><span class='ocrx_word' id='word_1_238' title='bbox 200 3546 378 3627; x_wconf 86' lang='lat' dir='ltr'><strong>dederuut,</strong></span> <span class='ocrx_word' id='word_1_239' title='bbox 398 3548 477 3635; x_wconf 85' lang='lat' dir='ltr'><strong>quid</strong></span> <span class='ocrx_word' id='word_1_240' title='bbox 500 3549 576 3615; x_wconf 85' lang='lat' dir='ltr'><strong>aiibi</strong></span> <span class='ocrx_word' id='word_1_241' title='bbox 600 3548 713 3615; x_wconf 86' lang='lat' dir='ltr'><strong>iecisse</strong></span> <span class='ocrx_word' id='word_1_242' title='bbox 736 3550 893 3617; x_wconf 84' lang='lat' dir='ltr'><strong>censeas?</strong></span> <span class='ocrx_word' id='word_1_243' title='bbox 918 3549 1002 3616; x_wconf 90' lang='lat' dir='ltr'><strong>Nibii</strong></span> <span class='ocrx_word' id='word_1_244' title='bbox 1019 3556 1068 3615; x_wconf 87' lang='lat' dir='ltr'><strong>est</strong></span> <span class='ocrx_word' id='word_1_245' title='bbox 1086 3546 1169 3634; x_wconf 87' lang='lat' dir='ltr'><strong>quod</strong></span> <span class='ocrx_word' id='word_1_246' title='bbox 1185 3547 1224 3613; x_wconf 91' lang='lat' dir='ltr'><strong>ab</strong></span> <span class='ocrx_word' id='word_1_247' title='bbox 1245 3547 1308 3612; x_wconf 85' lang='lat' dir='ltr'><strong>iliis</strong></span> <span class='ocrx_word' id='word_1_248' title='bbox 1324 3567 1391 3613; x_wconf 85' lang='lat' dir='ltr'><strong>non</strong></span> 
     </span>
     <span class='ocr_line' id='line_1_29' title="bbox 199 3650 1388 3743; baseline -0.001 -23"><span class='ocrx_word' id='word_1_249' title='bbox 199 3656 447 3741; x_wconf 77' lang='lat' dir='ltr'><strong>exspectaveris.</strong></span> <span class='ocrx_word' id='word_1_250' title='bbox 472 3655 621 3730; x_wconf 77' lang='lat' dir='ltr'><strong>Scribas,</strong></span> <span class='ocrx_word' id='word_1_251' title='bbox 640 3656 696 3741; x_wconf 84' lang='lat' dir='ltr'><strong>qui</strong></span> <span class='ocrx_word' id='word_1_252' title='bbox 719 3656 860 3724; x_wconf 88' lang='lat' dir='ltr'><strong>scholion</strong></span> <span class='ocrx_word' id='word_1_253' title='bbox 883 3656 922 3722; x_wconf 84' lang='lat' dir='ltr'><strong>ad</strong></span> <span class='ocrx_word' id='word_1_254' title='bbox 950 3656 1060 3743; x_wconf 70' lang='lat' dir='ltr'><strong>Orines.</strong></span> <span class='ocrx_word' id='word_1_255' title='bbox 1082 3657 1108 3720; x_wconf 88' lang='lat' dir='ltr'><strong>t.</strong></span> <span class='ocrx_word' id='word_1_256' title='bbox 1130 3658 1203 3720; x_wconf 84' lang='lat'><strong>186.</strong></span> <span class='ocrx_word' id='word_1_257' title='bbox 1228 3650 1388 3719; x_wconf 79' lang='lat' dir='ltr'><strong>deforma</strong></span> 
     </span>
     <span class='ocr_line' id='line_1_30' title="bbox 198 3757 1389 3849; baseline 0 -24"><span class='ocrx_word' id='word_1_258' title='bbox 198 3758 302 3825; x_wconf 77' lang='lat' dir='ltr'><strong>Attico</strong></span> <span class='ocrx_word' id='word_1_259' title='bbox 326 3757 347 3837; x_wconf 79' lang='grc' dir='ltr'>ιῖ</span> <span class='ocrx_word' id='word_1_260' title='bbox 369 3780 427 3846; x_wconf 84' lang='lat' dir='ltr'><strong>pro</strong></span> <span class='ocrx_word' id='word_1_261' title='bbox 447 3759 481 3839; x_wconf 71' lang='grc' dir='ltr'><strong>ἦν</strong></span> <span class='ocrx_word' id='word_1_262' title='bbox 504 3761 791 3841; x_wconf 88' lang='lat' dir='ltr'><strong>describebant,in</strong></span> <span class='ocrx_word' id='word_1_263' title='bbox 813 3763 961 3829; x_wconf 90' lang='lat' dir='ltr'><strong>omnibus</strong></span> <span class='ocrx_word' id='word_1_264' title='bbox 980 3761 1152 3849; x_wconf 84' lang='lat' dir='ltr'><strong>excrnpiis,</strong></span> <span class='ocrx_word' id='word_1_265' title='bbox 1172 3759 1289 3847; x_wconf 89' lang='lat' dir='ltr'><strong>quibus</strong></span> <span class='ocrx_word' id='word_1_266' title='bbox 1311 3760 1389 3825; x_wconf 88' lang='lat' dir='ltr'><strong>haee</strong></span> 
     </span>
     <span class='ocr_line' id='line_1_31' title="bbox 199 3864 1388 3954; baseline -0.001 -21"><span class='ocrx_word' id='word_1_267' title='bbox 199 3865 348 3933; x_wconf 87' lang='lat' dir='ltr'><strong>doctrina</strong></span> <span class='ocrx_word' id='word_1_268' title='bbox 377 3864 613 3944; x_wconf 78' lang='lat' dir='ltr'><strong>confirmetur,</strong></span> <span class='ocrx_word' id='word_1_269' title='bbox 637 3887 695 3954; x_wconf 92' lang='lat' dir='ltr'><strong>pro</strong></span> <span class='ocrx_word' id='word_1_270' title='bbox 721 3867 741 3945; x_wconf 70' lang='grc' dir='ltr'><em>ἦ</em></span> <span class='ocrx_word' id='word_1_271' title='bbox 764 3889 874 3935; x_wconf 87' lang='lat' dir='ltr'><strong>omnes</strong></span> <span class='ocrx_word' id='word_1_272' title='bbox 900 3868 934 3947; x_wconf 76' lang='grc' dir='ltr'><strong>ἦν</strong></span> <span class='ocrx_word' id='word_1_273' title='bbox 966 3867 1134 3935; x_wconf 87' lang='lat' dir='ltr'><strong>dedorunt.</strong></span> <span class='ocrx_word' id='word_1_274' title='bbox 1183 3867 1219 3933; x_wconf 89' lang='lat' dir='ltr'><strong>ln</strong></span> <span class='ocrx_word' id='word_1_275' title='bbox 1251 3866 1388 3933; x_wconf 75' lang='lat' dir='ltr'><strong>Birarru</strong></span> 
     </span>
     <span class='ocr_line' id='line_1_32' title="bbox 199 3971 1388 4058; baseline 0.002 -21"><span class='ocrx_word' id='word_1_276' title='bbox 199 3971 317 4038; x_wconf 80' lang='lat' dir='ltr'><strong>Aneed.</strong></span> <span class='ocrx_word' id='word_1_277' title='bbox 331 3971 355 4036; x_wconf 93' lang='grc'><strong>1.</strong></span> <span class='ocrx_word' id='word_1_278' title='bbox 370 3991 400 4056; x_wconf 93' lang='lat' dir='ltr'><strong>p.</strong></span> <span class='ocrx_word' id='word_1_279' title='bbox 415 3975 498 4049; x_wconf 74' lang='lat'><strong>449,</strong></span> <span class='ocrx_word' id='word_1_280' title='bbox 510 3977 563 4037; x_wconf 88' lang='grc'><strong>51.</strong></span> <span class='ocrx_word' id='word_1_281' title='bbox 581 3974 603 4038; x_wconf 79' lang='lat' dir='ltr'><strong>et</strong></span> <span class='ocrx_word' id='word_1_282' title='bbox 610 3996 625 4055; x_wconf 96' lang='grc' dir='ltr'><strong><em>ρ</em></strong></span> <span class='ocrx_word' id='word_1_283' title='bbox 632 3974 809 4055; x_wconf 76' lang='grc' dir='ltr'><strong><em>χιερέοινε</em></strong></span> <span class='ocrx_word' id='word_1_284' title='bbox 834 3978 888 4042; x_wconf 82' lang='grc' dir='ltr'><strong><em>οὐκ</em></strong></span> <span class='ocrx_word' id='word_1_285' title='bbox 910 3975 1076 4058; x_wconf 77' lang='grc' dir='ltr'><strong><em>οὶρχιερθα,</em></strong></span> <span class='ocrx_word' id='word_1_286' title='bbox 1091 3972 1225 4040; x_wconf 78' lang='grc' dir='ltr'><strong><em>Πλοὶτοιν</em></strong></span> <span class='ocrx_word' id='word_1_287' title='bbox 1237 3972 1388 4056; x_wconf 68' lang='grc' dir='ltr'><strong><em>ἑνδεκάτῳ</em></strong></span> 
     </span>
     <span class='ocr_line' id='line_1_33' title="bbox 198 4074 1390 4167; baseline -0.001 -22"><span class='ocrx_word' id='word_1_288' title='bbox 198 4076 337 4157; x_wconf 64' lang='lat' dir='ltr'><strong>Nicer,</strong></span> <span class='ocrx_word' id='word_1_289' title='bbox 362 4074 465 4152; x_wconf 80' lang='grc' dir='ltr'><strong><em>οξεῖαν</em></strong></span> <span class='ocrx_word' id='word_1_290' title='bbox 496 4076 594 4156; x_wconf 75' lang='grc' dir='ltr'><strong><em>μθοιιι</em></strong></span> <span class='ocrx_word' id='word_1_291' title='bbox 621 4081 808 4159; x_wconf 73' lang='grc' dir='ltr'><strong><em>οιιλλοβήνε</em></strong></span> <span class='ocrx_word' id='word_1_292' title='bbox 833 4100 935 4167; x_wconf 86' lang='lat' dir='ltr'><strong>neque</strong></span> <span class='ocrx_word' id='word_1_293' title='bbox 958 4082 1089 4147; x_wconf 85' lang='lat' dir='ltr'><strong>librario</strong></span> <span class='ocrx_word' id='word_1_294' title='bbox 1122 4099 1225 4166; x_wconf 91' lang='lat' dir='ltr'><strong>neque</strong></span> <span class='ocrx_word' id='word_1_295' title='bbox 1247 4079 1390 4144; x_wconf 82' lang='lat' dir='ltr'><strong>Berrono</strong></span> 
     </span>
     <span class='ocr_line' id='line_1_34' title="bbox 200 4181 1390 4271; baseline -0.001 -22"><span class='ocrx_word' id='word_1_296' title='bbox 200 4184 236 4249; x_wconf 91' lang='lat' dir='ltr'><strong>in</strong></span> <span class='ocrx_word' id='word_1_297' title='bbox 254 4189 398 4249; x_wconf 87' lang='lat' dir='ltr'><strong>mentem</strong></span> <span class='ocrx_word' id='word_1_298' title='bbox 416 4181 505 4248; x_wconf 81' lang='lat' dir='ltr'><strong>venit</strong></span> <span class='ocrx_word' id='word_1_299' title='bbox 525 4183 691 4265; x_wconf 74' lang='grc' dir='ltr'><strong><em>ἀρχιέρεων</em></strong></span> <span class='ocrx_word' id='word_1_300' title='bbox 707 4185 858 4253; x_wconf 87' lang='lat' dir='ltr'><strong>scribere.</strong></span> <span class='ocrx_word' id='word_1_301' title='bbox 891 4187 1029 4271; x_wconf 80' lang='lat' dir='ltr'><strong>Elegans</strong></span> <span class='ocrx_word' id='word_1_302' title='bbox 1042 4185 1231 4251; x_wconf 85' lang='lat' dir='ltr'><strong>vocabulum</strong></span> <span class='ocrx_word' id='word_1_303' title='bbox 1251 4184 1390 4250; x_wconf 85' lang='lat' dir='ltr'><strong>Atticum</strong></span> 
     </span>
     <span class='ocr_line' id='line_1_35' title="bbox 201 4286 1391 4375; baseline -0.001 -22"><span class='ocrx_word' id='word_1_304' title='bbox 201 4286 370 4354; x_wconf 84' lang='lat' dir='ltr'><strong>intercidit</strong></span> <span class='ocrx_word' id='word_1_305' title='bbox 389 4292 431 4364; x_wconf 80' lang='grc'><strong>5,</strong></span> <span class='ocrx_word' id='word_1_306' title='bbox 458 4290 510 4353; x_wconf 73' lang='lat'><strong>12.</strong></span> <span class='ocrx_word' id='word_1_307' title='bbox 535 4290 607 4370; x_wconf 83' lang='grc' dir='ltr'><strong><em>πρὸς</em></strong></span> <span class='ocrx_word' id='word_1_308' title='bbox 631 4292 665 4356; x_wconf 81' lang='grc' dir='ltr'><strong>τὸ</strong></span> <span class='ocrx_word' id='word_1_309' title='bbox 694 4294 857 4375; x_wconf 81' lang='grc' dir='ltr'><strong><em>καθαρὸν</em></strong></span> <span class='ocrx_word' id='word_1_310' title='bbox 888 4301 944 4367; x_wconf 78' lang='grc' dir='ltr'><strong>τῆς</strong></span> <span class='ocrx_word' id='word_1_311' title='bbox 968 4293 1087 4366; x_wconf 78' lang='grc' dir='ltr'><strong><em>διαθινις</em></strong></span> <span class='ocrx_word' id='word_1_312' title='bbox 1117 4292 1283 4370; x_wconf 75' lang='grc' dir='ltr'><strong><em>μεθιςῖιοιε</em></strong></span> <span class='ocrx_word' id='word_1_313' title='bbox 1308 4288 1391 4353; x_wconf 89' lang='lat' dir='ltr'><strong>nihil</strong></span> 
     </span>
     <span class='ocr_line' id='line_1_36' title="bbox 200 4393 1389 4483; baseline -0.001 -24"><span class='ocrx_word' id='word_1_314' title='bbox 200 4393 364 4478; x_wconf 80' lang='lat' dir='ltr'><strong>significat</strong></span> <span class='ocrx_word' id='word_1_315' title='bbox 390 4393 425 4458; x_wconf 77' lang='grc' dir='ltr'><strong>πὸ</strong></span> <span class='ocrx_word' id='word_1_316' title='bbox 445 4394 598 4476; x_wconf 85' lang='grc' dir='ltr'><strong><em>ιιοιθοιρθν,</em></strong></span> <span class='ocrx_word' id='word_1_317' title='bbox 622 4398 757 4463; x_wconf 88' lang='lat' dir='ltr'><strong>restitue</strong></span> <span class='ocrx_word' id='word_1_318' title='bbox 773 4399 807 4464; x_wconf 80' lang='lat' dir='ltr'><strong>rb</strong></span> <span class='ocrx_word' id='word_1_319' title='bbox 827 4395 1006 4478; x_wconf 81' lang='grc' dir='ltr'><strong><em>κοθθρειοι,</em></strong></span> <span class='ocrx_word' id='word_1_320' title='bbox 1029 4395 1114 4483; x_wconf 88' lang='lat' dir='ltr'><strong>quod</strong></span> <span class='ocrx_word' id='word_1_321' title='bbox 1130 4395 1216 4461; x_wconf 88' lang='lat' dir='ltr'><strong>intcr</strong></span> <span class='ocrx_word' id='word_1_322' title='bbox 1227 4394 1389 4460; x_wconf 84' lang='lat' dir='ltr'><strong>lautitiam</strong></span> 
     </span>
     <span class='ocr_line' id='line_1_37' title="bbox 204 4497 1390 4590; baseline -0.002 -25"><span class='ocrx_word' id='word_1_323' title='bbox 204 4508 236 4565; x_wconf 87' lang='lat' dir='ltr'><strong>et</strong></span> <span class='ocrx_word' id='word_1_324' title='bbox 254 4498 368 4565; x_wconf 86' lang='lat' dir='ltr'><strong>sordes</strong></span> <span class='ocrx_word' id='word_1_325' title='bbox 380 4499 522 4566; x_wconf 86' lang='lat' dir='ltr'><strong>medium</strong></span> <span class='ocrx_word' id='word_1_326' title='bbox 540 4522 643 4586; x_wconf 81' lang='lat' dir='ltr'><strong>genus</strong></span> <span class='ocrx_word' id='word_1_327' title='bbox 660 4511 725 4580; x_wconf 90' lang='lat' dir='ltr'><strong>est,</strong></span> <span class='ocrx_word' id='word_1_328' title='bbox 750 4501 900 4590; x_wconf 81' lang='lat' dir='ltr'><strong>frequens</strong></span> <span class='ocrx_word' id='word_1_329' title='bbox 923 4500 1009 4587; x_wconf 89' lang='lat' dir='ltr'><strong>apud</strong></span> <span class='ocrx_word' id='word_1_330' title='bbox 1022 4501 1232 4578; x_wconf 78' lang='lat' dir='ltr'><strong>Athenienses,</strong></span> <span class='ocrx_word' id='word_1_331' title='bbox 1252 4501 1308 4587; x_wconf 91' lang='lat' dir='ltr'><strong>qui</strong></span> <span class='ocrx_word' id='word_1_332' title='bbox 1325 4497 1390 4563; x_wconf 85' lang='lat' dir='ltr'><strong>ele·</strong></span> 
     </span>
     <span class='ocr_line' id='line_1_38' title="bbox 205 4605 1389 4693; baseline -0.001 -24"><span class='ocrx_word' id='word_1_333' title='bbox 205 4605 371 4690; x_wconf 80' lang='lat' dir='ltr'><strong>gantiores</strong></span> <span class='ocrx_word' id='word_1_334' title='bbox 394 4624 492 4690; x_wconf 85' lang='lat' dir='ltr'><strong>quarn</strong></span> <span class='ocrx_word' id='word_1_335' title='bbox 515 4606 645 4678; x_wconf 90' lang='lat' dir='ltr'><strong>ditiores</strong></span> <span class='ocrx_word' id='word_1_336' title='bbox 672 4609 837 4675; x_wconf 81' lang='lat' dir='ltr'><strong>Musnsono</strong></span> <span class='ocrx_word' id='word_1_337' title='bbox 866 4614 1118 4693; x_wconf 81' lang='lat' dir='ltr'><strong>suggesserunt,</strong></span> <span class='ocrx_word' id='word_1_338' title='bbox 1152 4607 1236 4691; x_wconf 79' lang='lat' dir='ltr'><strong>qriod</strong></span> <span class='ocrx_word' id='word_1_339' title='bbox 1262 4606 1294 4671; x_wconf 89' lang='lat' dir='ltr'><strong>in</strong></span> <span class='ocrx_word' id='word_1_340' title='bbox 1319 4622 1389 4689; x_wconf 88' lang='lat' dir='ltr'><strong>pro·</strong></span> 
     </span>
     <span class='ocr_line' id='line_1_39' title="bbox 205 4708 943 4777; baseline 0.001 -2"><span class='ocrx_word' id='word_1_341' title='bbox 205 4711 350 4777; x_wconf 82' lang='lat' dir='ltr'><strong>rerbiurn</strong></span> <span class='ocrx_word' id='word_1_342' title='bbox 371 4708 465 4776; x_wconf 82' lang='lat' dir='ltr'><strong>abiit:</strong></span> <span class='ocrx_word' id='word_1_343' title='bbox 939 4734 943 4741; x_wconf 92' lang='lat'>·</span> 
     </span>
    </p>
   </div>
   <div class='ocr_carea' id='block_1_4' title="bbox 0 0 1674 5750">
    <p class='ocr_par' dir='ltr' id='par_1_4' title="bbox 0 0 1674 5750">
     <span class='ocr_line' id='line_1_40' title="bbox 0 0 1674 5750; baseline 0 0"><span class='ocrx_word' id='word_1_344' title='bbox 0 0 1674 5750; x_wconf 95' lang='lat' dir='ltr'><strong> </strong></span> 
     </span>
    </p>
   </div>
  </div>
 </body>
</html>
