<?xml version="1.0" encoding="UTF-8"?>
<!DOCTYPE html PUBLIC "-//W3C//DTD XHTML 1.0 Transitional//EN"
    "http://www.w3.org/TR/xhtml1/DTD/xhtml1-transitional.dtd">
<html xmlns="http://www.w3.org/1999/xhtml" xml:lang="en" lang="en">
 <head>
  <title>
</title>
<meta http-equiv="Content-Type" content="text/html;charset=utf-8" />
  <meta name='ocr-system' content='tesseract 3.04.00' />
  <meta name='ocr-capabilities' content='ocr_page ocr_carea ocr_par ocr_line ocrx_word'/>
</head>
<body>
  <div class='ocr_page' id='page_1' title='image "./variaelectiones01cobegoog_0180.png"; bbox 0 0 3309 5750; ppageno 0'>
   <div class='ocr_carea' id='block_1_1' title="bbox 860 630 902 691">
    <p class='ocr_par' dir='ltr' id='par_1_1' title="bbox 860 630 902 691">
     <span class='ocr_line' id='line_1_1' title="bbox 860 630 902 691; baseline 0.024 -1"><span class='ocrx_word' id='word_1_1' title='bbox 860 630 902 691; x_wconf 89' lang='grc'><strong>86</strong></span> 
     </span>
    </p>
   </div>
   <div class='ocr_carea' id='block_1_2' title="bbox 281 800 1475 2888">
    <p class='ocr_par' dir='ltr' id='par_1_2' title="bbox 284 800 1475 1608">
     <span class='ocr_line' id='line_1_2' title="bbox 289 800 1474 888; baseline 0.003 -21"><span class='ocrx_word' id='word_1_2' title='bbox 289 800 492 878; x_wconf 79' lang='lat' dir='ltr'><strong>nesciebant,</strong></span> <span class='ocrx_word' id='word_1_3' title='bbox 523 811 579 867; x_wconf 87' lang='lat' dir='ltr'><strong>aut</strong></span> <span class='ocrx_word' id='word_1_4' title='bbox 595 802 761 888; x_wconf 81' lang='lat' dir='ltr'><strong>prosodiae</strong></span> <span class='ocrx_word' id='word_1_5' title='bbox 788 823 851 869; x_wconf 90' lang='lat' dir='ltr'><strong>non</strong></span> <span class='ocrx_word' id='word_1_6' title='bbox 883 802 963 867; x_wconf 89' lang='lat' dir='ltr'><strong>satis</strong></span> <span class='ocrx_word' id='word_1_7' title='bbox 978 820 1136 868; x_wconf 86' lang='lat' dir='ltr'><strong>memores</strong></span> <span class='ocrx_word' id='word_1_8' title='bbox 1151 800 1198 868; x_wconf 87' lang='lat' dir='ltr'><strong>vel</strong></span> <span class='ocrx_word' id='word_1_9' title='bbox 1228 803 1330 886; x_wconf 87' lang='lat' dir='ltr'><strong>gnari.</strong></span> <span class='ocrx_word' id='word_1_10' title='bbox 1369 803 1474 870; x_wconf 82' lang='lat' dir='ltr'><strong>linum</strong></span> 
     </span>
     <span class='ocr_line' id='line_1_3' title="bbox 287 906 1473 994; baseline 0.004 -23"><span class='ocrx_word' id='word_1_11' title='bbox 287 914 418 973; x_wconf 85' lang='lat' dir='ltr'><strong>tantum</strong></span> <span class='ocrx_word' id='word_1_12' title='bbox 440 915 488 974; x_wconf 86' lang='lat' dir='ltr'><strong>est</strong></span> <span class='ocrx_word' id='word_1_13' title='bbox 513 908 545 973; x_wconf 91' lang='lat' dir='ltr'><strong>in</strong></span> <span class='ocrx_word' id='word_1_14' title='bbox 570 907 629 973; x_wconf 92' lang='lat' dir='ltr'><strong>boc</strong></span> <span class='ocrx_word' id='word_1_15' title='bbox 658 927 774 994; x_wconf 80' lang='lat' dir='ltr'><strong>genere</strong></span> <span class='ocrx_word' id='word_1_16' title='bbox 806 908 939 985; x_wconf 89' lang='lat' dir='ltr'><strong>vitium,</strong></span> <span class='ocrx_word' id='word_1_17' title='bbox 971 907 1056 994; x_wconf 90' lang='lat' dir='ltr'><strong>qnod</strong></span> <span class='ocrx_word' id='word_1_18' title='bbox 1090 906 1220 972; x_wconf 75' lang='lat' dir='ltr'><strong>Lucrino</strong></span> <span class='ocrx_word' id='word_1_19' title='bbox 1247 907 1390 992; x_wconf 90' lang='lat' dir='ltr'><strong>proderit</strong></span> <span class='ocrx_word' id='word_1_20' title='bbox 1422 911 1473 976; x_wconf 92' lang='lat' dir='ltr'><strong>in·</strong></span> 
     </span>
     <span class='ocr_line' id='line_1_4' title="bbox 286 1010 1474 1097; baseline 0.003 -20"><span class='ocrx_word' id='word_1_21' title='bbox 286 1010 424 1079; x_wconf 78' lang='lat' dir='ltr'><strong>dicasse.</strong></span> <span class='ocrx_word' id='word_1_22' title='bbox 445 1017 487 1078; x_wconf 72' lang='grc'><strong>51</strong></span> <span class='ocrx_word' id='word_1_23' title='bbox 500 1063 509 1090; x_wconf 91' lang='grc'><em>,</em></span> <span class='ocrx_word' id='word_1_24' title='bbox 523 1018 565 1079; x_wconf 92' lang='grc'><strong>10</strong></span> <span class='ocrx_word' id='word_1_25' title='bbox 585 1014 662 1091; x_wconf 77' lang='grc' dir='ltr'><em>ἥπιο</em></span> <span class='ocrx_word' id='word_1_26' title='bbox 685 1013 845 1097; x_wconf 77' lang='grc' dir='ltr'><em>φοὶρμοιιιοο</em></span> <span class='ocrx_word' id='word_1_27' title='bbox 863 1012 1038 1087; x_wconf 74' lang='grc' dir='ltr'><em>τάττοντες</em></span> <span class='ocrx_word' id='word_1_28' title='bbox 1061 1012 1239 1094; x_wconf 70' lang='grc' dir='ltr'><em>ἐθεράπευον</em></span> <span class='ocrx_word' id='word_1_29' title='bbox 1262 1014 1333 1087; x_wconf 83' lang='grc' dir='ltr'><em>τοὺς</em></span> <span class='ocrx_word' id='word_1_30' title='bbox 1357 1020 1474 1083; x_wconf 80' lang='grc' dir='ltr'><em>νοσοῦν·</em></span> 
     </span>
     <span class='ocr_line' id='line_1_5' title="bbox 288 1117 1475 1201; baseline 0.002 -17"><span class='ocrx_word' id='word_1_31' title='bbox 288 1141 369 1197; x_wconf 85' lang='grc' dir='ltr'><em>τοις,</em></span> <span class='ocrx_word' id='word_1_32' title='bbox 392 1122 432 1185; x_wconf 78' lang='grc' dir='ltr'><strong>οὔ</strong></span> <span class='ocrx_word' id='word_1_33' title='bbox 457 1119 621 1194; x_wconf 76' lang='grc' dir='ltr'><em>λέοντος</em></span> <span class='ocrx_word' id='word_1_34' title='bbox 645 1120 865 1198; x_wconf 73' lang='grc' dir='ltr'><em>κοιὶμνγοιλοῖς</em></span> <span class='ocrx_word' id='word_1_35' title='bbox 881 1117 1124 1201; x_wconf 71' lang='grc' dir='ltr'><em>περιάπτοντες,</em></span> <span class='ocrx_word' id='word_1_36' title='bbox 1149 1138 1210 1183; x_wconf 91' lang='lat' dir='ltr'><strong>nou</strong></span> <span class='ocrx_word' id='word_1_37' title='bbox 1234 1117 1282 1183; x_wconf 87' lang='lat' dir='ltr'><strong>itti</strong></span> <span class='ocrx_word' id='word_1_38' title='bbox 1303 1118 1405 1184; x_wconf 76' lang='lat' dir='ltr'><strong>leones</strong></span> <span class='ocrx_word' id='word_1_39' title='bbox 1424 1140 1475 1186; x_wconf 85' lang='lat' dir='ltr'><strong>ae·</strong></span> 
     </span>
     <span class='ocr_line' id='line_1_6' title="bbox 286 1223 1473 1310; baseline 0.003 -23"><span class='ocrx_word' id='word_1_40' title='bbox 286 1224 495 1309; x_wconf 72' lang='lat' dir='ltr'><strong>gratantibus</strong></span> <span class='ocrx_word' id='word_1_41' title='bbox 514 1223 687 1310; x_wconf 81' lang='lat' dir='ltr'><strong>alligabant</strong></span> <span class='ocrx_word' id='word_1_42' title='bbox 707 1224 762 1290; x_wconf 90' lang='lat' dir='ltr'><strong>sed</strong></span> <span class='ocrx_word' id='word_1_43' title='bbox 786 1224 925 1290; x_wconf 83' lang='lat' dir='ltr'><strong>leoninos</strong></span> <span class='ocrx_word' id='word_1_44' title='bbox 952 1223 1069 1309; x_wconf 83' lang='lat' dir='ltr'><strong>pellor,</strong></span> <span class='ocrx_word' id='word_1_45' title='bbox 1094 1224 1228 1309; x_wconf 89' lang='lat' dir='ltr'><strong>opinor:</strong></span> <span class='ocrx_word' id='word_1_46' title='bbox 1253 1243 1315 1288; x_wconf 90' lang='lat' dir='ltr'><strong>non</strong></span> <span class='ocrx_word' id='word_1_47' title='bbox 1343 1225 1473 1300; x_wconf 78' lang='grc' dir='ltr'><em>λέοντος</em></span> 
     </span>
     <span class='ocr_line' id='line_1_7' title="bbox 288 1328 1475 1415; baseline 0.003 -23"><span class='ocrx_word' id='word_1_48' title='bbox 288 1328 391 1414; x_wconf 84' lang='lat' dir='ltr'><strong>igitur</strong></span> <span class='ocrx_word' id='word_1_49' title='bbox 407 1328 463 1395; x_wconf 87' lang='lat' dir='ltr'><strong>sed</strong></span> <span class='ocrx_word' id='word_1_50' title='bbox 478 1334 618 1404; x_wconf 77' lang='grc' dir='ltr'><em>λεοντῖος.</em></span> <span class='ocrx_word' id='word_1_51' title='bbox 666 1328 786 1395; x_wconf 84' lang='lat' dir='ltr'><strong>Eadem</strong></span> <span class='ocrx_word' id='word_1_52' title='bbox 808 1349 904 1415; x_wconf 90' lang='lat' dir='ltr'><strong>opera</strong></span> <span class='ocrx_word' id='word_1_53' title='bbox 922 1329 1048 1415; x_wconf 78' lang='lat' dir='ltr'><strong>corrige</strong></span> <span class='ocrx_word' id='word_1_54' title='bbox 1068 1332 1127 1405; x_wconf 75' lang='grc'><strong>15,</strong></span> <span class='ocrx_word' id='word_1_55' title='bbox 1153 1333 1203 1393; x_wconf 93' lang='grc'><strong>10.</strong></span> <span class='ocrx_word' id='word_1_56' title='bbox 1222 1330 1279 1404; x_wconf 71' lang='grc' dir='ltr'><strong>τὴν</strong></span> <span class='ocrx_word' id='word_1_57' title='bbox 1297 1328 1475 1412; x_wconf 84' lang='grc' dir='ltr'><em>’ομφο1λην</em></span> 
     </span>
     <span class='ocr_line' id='line_1_8' title="bbox 288 1432 1474 1517; baseline 0.001 -18"><span class='ocrx_word' id='word_1_58' title='bbox 288 1434 350 1499; x_wconf 83' lang='grc' dir='ltr'><strong>τὸν</strong></span> <span class='ocrx_word' id='word_1_59' title='bbox 380 1434 526 1501; x_wconf 79' lang='grc' dir='ltr'><em>λέοντοο</em></span> <span class='ocrx_word' id='word_1_60' title='bbox 554 1441 608 1502; x_wconf 80' lang='grc' dir='ltr'><strong>τοῦ</strong></span> <span class='ocrx_word' id='word_1_61' title='bbox 632 1435 817 1517; x_wconf 82' lang='grc' dir='ltr'><em>Ἡροοκλέοιις</em></span> <span class='ocrx_word' id='word_1_62' title='bbox 839 1434 1132 1517; x_wconf 80' lang='grc' dir='ltr'><em>περιβεβλημένην,</em></span> <span class='ocrx_word' id='word_1_63' title='bbox 1158 1432 1253 1499; x_wconf 85' lang='lat' dir='ltr'><strong>credo</strong></span> <span class='ocrx_word' id='word_1_64' title='bbox 1273 1436 1328 1509; x_wconf 79' lang='grc' dir='ltr'><strong>την</strong></span> <span class='ocrx_word' id='word_1_65' title='bbox 1347 1443 1474 1511; x_wconf 76' lang='grc' dir='ltr'><em>λεοντῆν</em></span> 
     </span>
     <span class='ocr_line' id='line_1_9' title="bbox 284 1539 495 1608; baseline 0 -3"><span class='ocrx_word' id='word_1_66' title='bbox 284 1539 396 1605; x_wconf 86' lang='lat' dir='ltr'><strong>sanius</strong></span> <span class='ocrx_word' id='word_1_67' title='bbox 416 1560 495 1608; x_wconf 87' lang='lat' dir='ltr'><strong>esse.</strong></span> 
     </span>
    </p>

    <p class='ocr_par' dir='ltr' id='par_1_3' title="bbox 281 1644 1474 2888">
     <span class='ocr_line' id='line_1_10' title="bbox 283 1644 1474 1728; baseline 0.001 -19"><span class='ocrx_word' id='word_1_68' title='bbox 283 1659 288 1676; x_wconf 77' lang='lat'>¹</span> <span class='ocrx_word' id='word_1_69' title='bbox 337 1644 498 1712; x_wconf 80' lang='lat' dir='ltr'><strong>Benrcnus</strong></span> <span class='ocrx_word' id='word_1_70' title='bbox 529 1653 567 1711; x_wconf 87' lang='lat' dir='ltr'><strong>ut</strong></span> <span class='ocrx_word' id='word_1_71' title='bbox 596 1645 744 1727; x_wconf 71' lang='grc' dir='ltr'><em>ἐρόμοοτοι</em></span> <span class='ocrx_word' id='word_1_72' title='bbox 773 1654 805 1711; x_wconf 85' lang='lat' dir='ltr'><strong>et</strong></span> <span class='ocrx_word' id='word_1_73' title='bbox 827 1656 953 1728; x_wconf 81' lang='grc' dir='ltr'><em>χρῑομοι</em></span> <span class='ocrx_word' id='word_1_74' title='bbox 982 1667 1000 1711; x_wconf 88' lang='lat' dir='ltr'><strong>a</strong></span> <span class='ocrx_word' id='word_1_75' title='bbox 1027 1646 1195 1712; x_wconf 80' lang='lat' dir='ltr'><strong>lrcocrrzro</strong></span> <span class='ocrx_word' id='word_1_76' title='bbox 1224 1644 1342 1710; x_wconf 89' lang='lat' dir='ltr'><strong>sumsit</strong></span> <span class='ocrx_word' id='word_1_77' title='bbox 1365 1645 1474 1710; x_wconf 85' lang='lat' dir='ltr'><strong>inean-</strong></span> 
     </span>
     <span class='ocr_line' id='line_1_11' title="bbox 286 1750 1473 1836; baseline 0.002 -22"><span class='ocrx_word' id='word_1_78' title='bbox 286 1756 362 1827; x_wconf 85' lang='lat' dir='ltr'><strong>tus,</strong></span> <span class='ocrx_word' id='word_1_79' title='bbox 386 1751 434 1817; x_wconf 91' lang='lat' dir='ltr'><strong>sic</strong></span> <span class='ocrx_word' id='word_1_80' title='bbox 454 1771 547 1836; x_wconf 89' lang='lat' dir='ltr'><strong>saepe</strong></span> <span class='ocrx_word' id='word_1_81' title='bbox 567 1750 663 1816; x_wconf 85' lang='lat' dir='ltr'><strong>rerba</strong></span> <span class='ocrx_word' id='word_1_82' title='bbox 686 1760 718 1816; x_wconf 91' lang='lat' dir='ltr'><strong>ct</strong></span> <span class='ocrx_word' id='word_1_83' title='bbox 740 1750 859 1817; x_wconf 83' lang='lat' dir='ltr'><strong>formas</strong></span> <span class='ocrx_word' id='word_1_84' title='bbox 880 1752 1010 1818; x_wconf 86' lang='lat' dir='ltr'><strong>vitiosas</strong></span> <span class='ocrx_word' id='word_1_85' title='bbox 1033 1760 1065 1817; x_wconf 89' lang='lat' dir='ltr'><strong>et</strong></span> <span class='ocrx_word' id='word_1_86' title='bbox 1085 1752 1240 1836; x_wconf 84' lang='lat' dir='ltr'><strong>pessimas</strong></span> <span class='ocrx_word' id='word_1_87' title='bbox 1260 1750 1396 1816; x_wconf 88' lang='lat' dir='ltr'><strong>retinuit</strong></span> <span class='ocrx_word' id='word_1_88' title='bbox 1415 1757 1473 1816; x_wconf 88' lang='lat' dir='ltr'><strong>aut</strong></span> 
     </span>
     <span class='ocr_line' id='line_1_12' title="bbox 289 1855 1474 1941; baseline 0.003 -24"><span class='ocrx_word' id='word_1_89' title='bbox 289 1856 469 1933; x_wconf 85' lang='lat' dir='ltr'><strong>revocavit,</strong></span> <span class='ocrx_word' id='word_1_90' title='bbox 492 1855 568 1921; x_wconf 91' lang='lat' dir='ltr'><strong>olim</strong></span> <span class='ocrx_word' id='word_1_91' title='bbox 588 1855 768 1923; x_wconf 80' lang='lat' dir='ltr'><strong>doctiorum</strong></span> <span class='ocrx_word' id='word_1_92' title='bbox 790 1876 947 1922; x_wconf 83' lang='lat' dir='ltr'><strong>consensu</strong></span> <span class='ocrx_word' id='word_1_93' title='bbox 969 1857 1137 1922; x_wconf 89' lang='lat' dir='ltr'><strong>damnatas</strong></span> <span class='ocrx_word' id='word_1_94' title='bbox 1157 1865 1188 1921; x_wconf 90' lang='lat' dir='ltr'><strong>ct</strong></span> <span class='ocrx_word' id='word_1_95' title='bbox 1209 1856 1383 1921; x_wconf 85' lang='lat' dir='ltr'><strong>maximam</strong></span> <span class='ocrx_word' id='word_1_96' title='bbox 1402 1874 1474 1941; x_wconf 88' lang='lat' dir='ltr'><strong>par·</strong></span> 
     </span>
     <span class='ocr_line' id='line_1_13' title="bbox 282 1961 1472 2053; baseline 0.003 -31"><span class='ocrx_word' id='word_1_97' title='bbox 282 1964 354 2024; x_wconf 63' lang='lat' dir='ltr'><strong>&#39;tem</strong></span> <span class='ocrx_word' id='word_1_98' title='bbox 378 1978 396 2025; x_wconf 88' lang='lat' dir='ltr'><strong>a</strong></span> <span class='ocrx_word' id='word_1_99' title='bbox 420 1961 584 2027; x_wconf 80' lang='lat' dir='ltr'><strong>llrnooarro</strong></span> <span class='ocrx_word' id='word_1_100' title='bbox 606 1962 756 2028; x_wconf 86' lang='lat' dir='ltr'><strong>abiectas.</strong></span> <span class='ocrx_word' id='word_1_101' title='bbox 804 1964 964 2028; x_wconf 78' lang='lat' dir='ltr'><strong>bernerus</strong></span> <span class='ocrx_word' id='word_1_102' title='bbox 988 1963 1148 2028; x_wconf 87' lang='lat' dir='ltr'><strong>revocarit</strong></span> <span class='ocrx_word' id='word_1_103' title='bbox 1172 1964 1356 2053; x_wconf 50' lang='grc'><strong>41317.</strong></span> <span class='ocrx_word' id='word_1_104' title='bbox 1380 1985 1472 2026; x_wconf 79' lang='lat' dir='ltr'><strong>cora·</strong></span> 
     </span>
     <span class='ocr_line' id='line_1_14' title="bbox 286 2063 1469 2153; baseline 0.003 -25"><span class='ocrx_word' id='word_1_105' title='bbox 286 2063 496 2147; x_wconf 69' lang='grc' dir='ltr'><em>ποδράσοιντος</em></span> <span class='ocrx_word' id='word_1_106' title='bbox 525 2087 584 2153; x_wconf 86' lang='lat' dir='ltr'><strong>pro</strong></span> <span class='ocrx_word' id='word_1_107' title='bbox 605 2066 871 2149; x_wconf 71' lang='grc' dir='ltr'><em>οννοοπνδροὶντος,</em></span> <span class='ocrx_word' id='word_1_108' title='bbox 896 2074 1085 2149; x_wconf 72' lang='grc' dir='ltr'><em>γηροκομεῖν</em></span> <span class='ocrx_word' id='word_1_109' title='bbox 1109 2087 1167 2152; x_wconf 90' lang='lat' dir='ltr'><strong>pro</strong></span> <span class='ocrx_word' id='word_1_110' title='bbox 1191 2072 1383 2147; x_wconf 76' lang='grc' dir='ltr'><em>γηροκομεῖν.</em></span> <span class='ocrx_word' id='word_1_111' title='bbox 1407 2070 1469 2140; x_wconf 89' lang='grc'><strong>41,</strong></span> 
     </span>
     <span class='ocr_line' id='line_1_15' title="bbox 289 2170 1471 2258; baseline 0.003 -26"><span class='ocrx_word' id='word_1_112' title='bbox 289 2170 343 2233; x_wconf 68' lang='lat'><strong>22.</strong></span> <span class='ocrx_word' id='word_1_113' title='bbox 378 2172 582 2253; x_wconf 81' lang='grc' dir='ltr'><em>Σνροοκούοιος</em></span> <span class='ocrx_word' id='word_1_114' title='bbox 615 2193 671 2258; x_wconf 85' lang='lat' dir='ltr'><strong>pro</strong></span> <span class='ocrx_word' id='word_1_115' title='bbox 700 2173 897 2255; x_wconf 81' lang='grc' dir='ltr'><em>Σνροικόσιος.</em></span> <span class='ocrx_word' id='word_1_116' title='bbox 926 2177 986 2246; x_wconf 74' lang='lat'><strong>20,</strong></span> <span class='ocrx_word' id='word_1_117' title='bbox 1011 2176 1064 2238; x_wconf 83' lang='grc'><strong>54.</strong></span> <span class='ocrx_word' id='word_1_118' title='bbox 1088 2178 1301 2250; x_wconf 82' lang='grc' dir='ltr'><em>κοοτοιππῶμοοι</em></span> <span class='ocrx_word' id='word_1_119' title='bbox 1331 2190 1389 2256; x_wconf 91' lang='lat' dir='ltr'><strong>pro</strong></span> <span class='ocrx_word' id='word_1_120' title='bbox 1416 2194 1471 2236; x_wconf 85' lang='grc' dir='ltr'><em>κον·</em></span> 
     </span>
     <span class='ocr_line' id='line_1_16' title="bbox 287 2272 1471 2365; baseline 0.002 -26"><span class='ocrx_word' id='word_1_121' title='bbox 287 2272 472 2356; x_wconf 77' lang='grc' dir='ltr'><em>ποὶπτοοροοιι.</em></span> <span class='ocrx_word' id='word_1_122' title='bbox 508 2282 571 2356; x_wconf 88' lang='grc'><strong>46,</strong></span> <span class='ocrx_word' id='word_1_123' title='bbox 602 2284 653 2345; x_wconf 85' lang='grc'><strong>15.</strong></span> <span class='ocrx_word' id='word_1_124' title='bbox 687 2280 939 2353; x_wconf 76' lang='grc' dir='ltr'><em>διολιοθοίνοντες</em></span> <span class='ocrx_word' id='word_1_125' title='bbox 970 2299 1028 2365; x_wconf 93' lang='lat' dir='ltr'><strong>pro</strong></span> <span class='ocrx_word' id='word_1_126' title='bbox 1059 2276 1309 2348; x_wconf 68' lang='grc' dir='ltr'><em>διολισθάνοντες.</em></span> <span class='ocrx_word' id='word_1_127' title='bbox 1344 2280 1408 2353; x_wconf 89' lang='grc'><strong>49,</strong></span> <span class='ocrx_word' id='word_1_128' title='bbox 1443 2282 1471 2341; x_wconf 90' lang='grc'><strong>1.</strong></span> 
     </span>
     <span class='ocr_line' id='line_1_17' title="bbox 287 2379 1471 2471; baseline 0.001 -26"><span class='ocrx_word' id='word_1_129' title='bbox 287 2379 721 2471; x_wconf 79' lang='grc' dir='ltr'><em>1ριπηδεςο1τονς,ι]ιιοιιοιι</em></span> <span class='ocrx_word' id='word_1_130' title='bbox 747 2384 813 2450; x_wconf 83' lang='lat' dir='ltr'><strong>virli</strong></span> <span class='ocrx_word' id='word_1_131' title='bbox 846 2383 992 2450; x_wconf 86' lang='lat' dir='ltr'><strong>stolidius</strong></span> <span class='ocrx_word' id='word_1_132' title='bbox 1018 2382 1248 2450; x_wconf 82' lang='lat' dir='ltr'><strong>Graeculorum</strong></span> <span class='ocrx_word' id='word_1_133' title='bbox 1274 2381 1390 2445; x_wconf 86' lang='lat' dir='ltr'><strong>vitium</strong></span> <span class='ocrx_word' id='word_1_134' title='bbox 1413 2401 1471 2468; x_wconf 87' lang='lat' dir='ltr'><strong>pro</strong></span> 
     </span>
     <span class='ocr_line' id='line_1_18' title="bbox 281 2485 1469 2574; baseline -0.011 -11"><span class='ocrx_word' id='word_1_135' title='bbox 281 2485 490 2566; x_wconf 59' lang='lat' dir='ltr'><strong>&#39;terraneam</strong></span> <span class='ocrx_word' id='word_1_136' title='bbox 516 2495 580 2568; x_wconf 87' lang='grc'><strong>54,</strong></span> <span class='ocrx_word' id='word_1_137' title='bbox 609 2495 660 2556; x_wconf 85' lang='grc'><strong>15.</strong></span> <span class='ocrx_word' id='word_1_138' title='bbox 697 2489 827 2573; x_wconf 71' lang='grc' dir='ltr'><em>νειφέτω</em></span> <span class='ocrx_word' id='word_1_139' title='bbox 861 2508 919 2574; x_wconf 92' lang='lat' dir='ltr'><strong>pro</strong></span> <span class='ocrx_word' id='word_1_140' title='bbox 946 2489 1072 2569; x_wconf 76' lang='grc' dir='ltr'><em>νιφέτω.</em></span> <span class='ocrx_word' id='word_1_141' title='bbox 1099 2490 1241 2564; x_wconf 74' lang='grc'><strong>46,16.</strong></span> <span class='ocrx_word' id='word_1_142' title='bbox 1275 2504 1469 2571; x_wconf 87' lang='lat' dir='ltr'><strong>quamquam</strong></span> 
     </span>
     <span class='ocr_line' id='line_1_19' title="bbox 287 2590 1471 2681; baseline 0.001 -26"><span class='ocrx_word' id='word_1_143' title='bbox 287 2609 381 2658; x_wconf 88' lang='lat' dir='ltr'><strong>nemo</strong></span> <span class='ocrx_word' id='word_1_144' title='bbox 403 2594 502 2672; x_wconf 79' lang='lat' dir='ltr'><strong>vivit,</strong></span> <span class='ocrx_word' id='word_1_145' title='bbox 527 2597 583 2681; x_wconf 88' lang='lat' dir='ltr'><strong>qui</strong></span> <span class='ocrx_word' id='word_1_146' title='bbox 611 2595 719 2681; x_wconf 90' lang='lat' dir='ltr'><strong>plures</strong></span> <span class='ocrx_word' id='word_1_147' title='bbox 749 2615 846 2681; x_wconf 87' lang='lat' dir='ltr'><strong>quam</strong></span> <span class='ocrx_word' id='word_1_148' title='bbox 875 2593 1037 2659; x_wconf 82' lang='lat' dir='ltr'><strong>Brnucnos</strong></span> <span class='ocrx_word' id='word_1_149' title='bbox 1059 2592 1201 2677; x_wconf 76' lang='lat' dir='ltr'><strong>antiquos</strong></span> <span class='ocrx_word' id='word_1_150' title='bbox 1222 2590 1347 2657; x_wconf 88' lang='lat' dir='ltr'><strong>codices</strong></span> <span class='ocrx_word' id='word_1_151' title='bbox 1367 2610 1471 2657; x_wconf 84' lang='lat' dir='ltr'><strong>versa-</strong></span> 
     </span>
     <span class='ocr_line' id='line_1_20' title="bbox 287 2696 1470 2784; baseline 0.001 -23"><span class='ocrx_word' id='word_1_152' title='bbox 287 2696 334 2761; x_wconf 85' lang='lat' dir='ltr'><strong>vit</strong></span> <span class='ocrx_word' id='word_1_153' title='bbox 354 2705 387 2762; x_wconf 86' lang='lat' dir='ltr'><strong>et</strong></span> <span class='ocrx_word' id='word_1_154' title='bbox 405 2700 533 2784; x_wconf 87' lang='lat' dir='ltr'><strong>saepius</strong></span> <span class='ocrx_word' id='word_1_155' title='bbox 555 2700 641 2767; x_wconf 90' lang='lat' dir='ltr'><strong>bunc</strong></span> <span class='ocrx_word' id='word_1_156' title='bbox 669 2719 810 2767; x_wconf 85' lang='lat' dir='ltr'><strong>errorem</strong></span> <span class='ocrx_word' id='word_1_157' title='bbox 835 2696 1084 2769; x_wconf 73' lang='lat' dir='ltr'><strong>animadvertit,</strong></span> <span class='ocrx_word' id='word_1_158' title='bbox 1108 2699 1164 2781; x_wconf 89' lang='lat' dir='ltr'><strong>qui</strong></span> <span class='ocrx_word' id='word_1_159' title='bbox 1188 2697 1221 2761; x_wconf 91' lang='lat' dir='ltr'><strong>in</strong></span> <span class='ocrx_word' id='word_1_160' title='bbox 1246 2696 1470 2781; x_wconf 88' lang='lat' dir='ltr'><strong>antiquissimo</strong></span> 
     </span>
     <span class='ocr_line' id='line_1_21' title="bbox 286 2800 1471 2888; baseline 0.003 -23"><span class='ocrx_word' id='word_1_161' title='bbox 286 2819 414 2888; x_wconf 87' lang='lat' dir='ltr'><strong>quoque</strong></span> <span class='ocrx_word' id='word_1_162' title='bbox 437 2802 518 2869; x_wconf 90' lang='lat' dir='ltr'><strong>libro</strong></span> <span class='ocrx_word' id='word_1_163' title='bbox 545 2807 724 2872; x_wconf 85' lang='lat' dir='ltr'><strong>sexcenties</strong></span> <span class='ocrx_word' id='word_1_164' title='bbox 748 2806 898 2871; x_wconf 89' lang='lat' dir='ltr'><strong>recurrit.</strong></span> <span class='ocrx_word' id='word_1_165' title='bbox 946 2804 1151 2868; x_wconf 78' lang='lat' dir='ltr'><strong>Pncnecnlrrs</strong></span> <span class='ocrx_word' id='word_1_166' title='bbox 1175 2800 1391 2887; x_wconf 81' lang='lat' dir='ltr'><strong>fragmentum</strong></span> <span class='ocrx_word' id='word_1_167' title='bbox 1422 2808 1471 2868; x_wconf 89' lang='lat' dir='ltr'><strong>est</strong></span> 
     </span>
    </p>
   </div>
   <div class='ocr_carea' id='block_1_3' title="bbox 285 2907 1469 3098">
    <p class='ocr_par' dir='ltr' id='par_1_4' title="bbox 285 2907 1469 3098">
     <span class='ocr_line' id='line_1_22' title="bbox 285 2907 1469 3001; baseline 0.002 -30"><span class='ocrx_word' id='word_1_168' title='bbox 285 2907 371 3001; x_wconf 76' lang='lat' dir='ltr'><strong>apud</strong></span> <span class='ocrx_word' id='word_1_169' title='bbox 395 2907 665 2976; x_wconf 81' lang='lat' dir='ltr'><strong>Hrnrocarrroacu</strong></span> <span class='ocrx_word' id='word_1_170' title='bbox 687 2931 717 2976; x_wconf 87' lang='grc' dir='ltr'><strong>ν.</strong></span> <span class='ocrx_word' id='word_1_171' title='bbox 741 2911 901 2992; x_wconf 75' lang='grc' dir='ltr'><em>καρκίνος,</em></span> <span class='ocrx_word' id='word_1_172' title='bbox 925 2909 1008 2994; x_wconf 88' lang='lat' dir='ltr'><strong>quod</strong></span> <span class='ocrx_word' id='word_1_173' title='bbox 1028 2909 1189 2975; x_wconf 81' lang='lat' dir='ltr'><strong>brunerus</strong></span> <span class='ocrx_word' id='word_1_174' title='bbox 1212 2909 1257 2974; x_wconf 84' lang='lat' dir='ltr'><strong>ita</strong></span> <span class='ocrx_word' id='word_1_175' title='bbox 1280 2908 1469 2974; x_wconf 88' lang='lat' dir='ltr'><strong>constituit:</strong></span> 
     </span>
     <span class='ocr_line' id='line_1_23' title="bbox 467 3011 1153 3098; baseline -0.001 -18"><span class='ocrx_word' id='word_1_176' title='bbox 467 3014 584 3080; x_wconf 82' lang='grc' dir='ltr'><em>ν’πότοιν</em></span> <span class='ocrx_word' id='word_1_177' title='bbox 606 3015 787 3098; x_wconf 71' lang='grc' dir='ltr'><em>οχολοέζης,</em></span> <span class='ocrx_word' id='word_1_178' title='bbox 812 3020 914 3094; x_wconf 58' lang='lat' dir='ltr'><strong>relabor</strong></span> <span class='ocrx_word' id='word_1_179' title='bbox 937 3011 987 3079; x_wconf 79' lang='grc' dir='ltr'><em>ἵνοι</em></span> <span class='ocrx_word' id='word_1_180' title='bbox 1010 3015 1053 3079; x_wconf 73' lang='grc' dir='ltr'><strong>τοὶ</strong></span> <span class='ocrx_word' id='word_1_181' title='bbox 1076 3017 1153 3092; x_wconf 74' lang='grc' dir='ltr'><em>λήϊον</em></span> 
     </span>
    </p>
   </div>
   <div class='ocr_carea' id='block_1_4' title="bbox 272 3123 1470 4790">
    <p class='ocr_par' dir='ltr' id='par_1_5' title="bbox 272 3123 1470 4790">
     <span class='ocr_line' id='line_1_24' title="bbox 464 3123 704 3205; baseline 0.004 -20"><span class='ocrx_word' id='word_1_182' title='bbox 464 3123 704 3205; x_wconf 70' lang='grc' dir='ltr'><em>σονκοορκινωθῇ.</em></span> 
     </span>
     <span class='ocr_line' id='line_1_25' title="bbox 279 3222 1469 3310; baseline -0.003 -21"><span class='ocrx_word' id='word_1_183' title='bbox 279 3222 410 3291; x_wconf 89' lang='lat' dir='ltr'><strong>codices</strong></span> <span class='ocrx_word' id='word_1_184' title='bbox 430 3226 462 3290; x_wconf 90' lang='lat' dir='ltr'><strong>in</strong></span> <span class='ocrx_word' id='word_1_185' title='bbox 486 3235 580 3310; x_wconf 73' lang='grc' dir='ltr'><em>οῆφον</em></span> <span class='ocrx_word' id='word_1_186' title='bbox 604 3225 828 3298; x_wconf 86' lang='lat' dir='ltr'><strong>consentiunt,</strong></span> <span class='ocrx_word' id='word_1_187' title='bbox 856 3224 1005 3292; x_wconf 76' lang='lat' dir='ltr'><strong>Varesros</strong></span> <span class='ocrx_word' id='word_1_188' title='bbox 1027 3223 1113 3291; x_wconf 89' lang='lat' dir='ltr'><strong>aliud</strong></span> <span class='ocrx_word' id='word_1_189' title='bbox 1141 3244 1239 3309; x_wconf 84' lang='lat' dir='ltr'><strong>agens</strong></span> <span class='ocrx_word' id='word_1_190' title='bbox 1262 3223 1348 3303; x_wconf 78' lang='grc' dir='ltr'><em>νίφον</em></span> <span class='ocrx_word' id='word_1_191' title='bbox 1369 3222 1469 3288; x_wconf 92' lang='lat' dir='ltr'><strong>corri-</strong></span> 
     </span>
     <span class='ocr_line' id='line_1_26' title="bbox 284 3327 1468 3419; baseline -0.003 -24"><span class='ocrx_word' id='word_1_192' title='bbox 284 3328 396 3416; x_wconf 85' lang='lat' dir='ltr'><strong>gebat,</strong></span> <span class='ocrx_word' id='word_1_193' title='bbox 420 3340 539 3418; x_wconf 90' lang='lat' dir='ltr'><strong>putans</strong></span> <span class='ocrx_word' id='word_1_194' title='bbox 570 3334 671 3419; x_wconf 81' lang='lat' dir='ltr'><strong>irripo</strong></span> <span class='ocrx_word' id='word_1_195' title='bbox 693 3333 740 3398; x_wconf 91' lang='lat' dir='ltr'><strong>sic</strong></span> <span class='ocrx_word' id='word_1_196' title='bbox 766 3331 831 3396; x_wconf 88' lang='lat' dir='ltr'><strong>dici</strong></span> <span class='ocrx_word' id='word_1_197' title='bbox 857 3352 959 3418; x_wconf 91' lang='lat' dir='ltr'><strong>posse.</strong></span> <span class='ocrx_word' id='word_1_198' title='bbox 1006 3331 1089 3416; x_wconf 85' lang='lat' dir='ltr'><strong>Lege</strong></span> <span class='ocrx_word' id='word_1_199' title='bbox 1120 3338 1227 3411; x_wconf 83' lang='grc' dir='ltr'><em>νῑφονι</em></span> <span class='ocrx_word' id='word_1_200' title='bbox 1260 3327 1367 3393; x_wconf 89' lang='lat' dir='ltr'><strong>nescio</strong></span> <span class='ocrx_word' id='word_1_201' title='bbox 1394 3328 1468 3413; x_wconf 89' lang='lat' dir='ltr'><strong>quis</strong></span> 
     </span>
     <span class='ocr_line' id='line_1_27' title="bbox 279 3431 1468 3522; baseline -0.006 -20"><span class='ocrx_word' id='word_1_202' title='bbox 279 3438 366 3522; x_wconf 82' lang='lat' dir='ltr'><strong>petit</strong></span> <span class='ocrx_word' id='word_1_203' title='bbox 390 3437 547 3513; x_wconf 79' lang='lat' dir='ltr'><strong>abiona,</strong></span> <span class='ocrx_word' id='word_1_204' title='bbox 578 3449 612 3504; x_wconf 84' lang='lat' dir='ltr'><strong>ol</strong></span> <span class='ocrx_word' id='word_1_205' title='bbox 642 3438 745 3503; x_wconf 82' lang='lat' dir='ltr'><strong>aloem</strong></span> <span class='ocrx_word' id='word_1_206' title='bbox 768 3437 843 3501; x_wconf 81' lang='lat' dir='ltr'><strong>velit</strong></span> <span class='ocrx_word' id='word_1_207' title='bbox 869 3437 1035 3502; x_wconf 80' lang='lat' dir='ltr'><strong>immittere</strong></span> <span class='ocrx_word' id='word_1_208' title='bbox 1058 3437 1143 3501; x_wconf 77' lang='lat' dir='ltr'><strong>sotir.</strong></span> <span class='ocrx_word' id='word_1_209' title='bbox 1191 3434 1290 3518; x_wconf 87' lang='lat' dir='ltr'><strong>Saepe</strong></span> <span class='ocrx_word' id='word_1_210' title='bbox 1321 3432 1401 3496; x_wconf 86' lang='lat' dir='ltr'><strong>vitia</strong></span> <span class='ocrx_word' id='word_1_211' title='bbox 1431 3431 1468 3496; x_wconf 94' lang='lat' dir='ltr'><strong>li·</strong></span> 
     </span>
     <span class='ocr_line' id='line_1_28' title="bbox 283 3537 1468 3626; baseline -0.005 -19"><span class='ocrx_word' id='word_1_212' title='bbox 283 3540 417 3608; x_wconf 89' lang='lat' dir='ltr'><strong>brorum</strong></span> <span class='ocrx_word' id='word_1_213' title='bbox 434 3553 578 3609; x_wconf 87' lang='lat' dir='ltr'><strong>veterum</strong></span> <span class='ocrx_word' id='word_1_214' title='bbox 603 3542 822 3610; x_wconf 86' lang='lat' dir='ltr'><strong>emendaturis</strong></span> <span class='ocrx_word' id='word_1_215' title='bbox 839 3543 977 3626; x_wconf 89' lang='lat' dir='ltr'><strong>proderit</strong></span> <span class='ocrx_word' id='word_1_216' title='bbox 996 3543 1180 3607; x_wconf 86' lang='lat' dir='ltr'><strong>meminisse</strong></span> <span class='ocrx_word' id='word_1_217' title='bbox 1198 3538 1280 3604; x_wconf 89' lang='lat' dir='ltr'><strong>banc</strong></span> <span class='ocrx_word' id='word_1_218' title='bbox 1298 3557 1368 3602; x_wconf 84' lang='lat' dir='ltr'><strong>esse</strong></span> <span class='ocrx_word' id='word_1_219' title='bbox 1388 3537 1468 3603; x_wconf 90' lang='lat' dir='ltr'><strong>scri-</strong></span> 
     </span>
     <span class='ocr_line' id='line_1_29' title="bbox 283 3642 1468 3731; baseline -0.005 -18"><span class='ocrx_word' id='word_1_220' title='bbox 283 3644 398 3713; x_wconf 89' lang='lat' dir='ltr'><strong>barum</strong></span> <span class='ocrx_word' id='word_1_221' title='bbox 419 3649 706 3723; x_wconf 88' lang='lat' dir='ltr'><strong>consuetudinem‚</strong></span> <span class='ocrx_word' id='word_1_222' title='bbox 733 3657 768 3712; x_wconf 88' lang='lat' dir='ltr'><strong>ut</strong></span> <span class='ocrx_word' id='word_1_223' title='bbox 791 3649 823 3711; x_wconf 93' lang='lat' dir='ltr'><strong>in</strong></span> <span class='ocrx_word' id='word_1_224' title='bbox 838 3648 1007 3712; x_wconf 81' lang='lat' dir='ltr'><strong>Pnurrncrn</strong></span> <span class='ocrx_word' id='word_1_225' title='bbox 1032 3647 1123 3730; x_wconf 78' lang='lat' dir='ltr'><strong>Syllo</strong></span> <span class='ocrx_word' id='word_1_226' title='bbox 1147 3666 1216 3731; x_wconf 91' lang='lat' dir='ltr'><strong>cap.</strong></span> <span class='ocrx_word' id='word_1_227' title='bbox 1237 3643 1288 3708; x_wconf 88' lang='lat' dir='ltr'><strong>Vl.</strong></span> <span class='ocrx_word' id='word_1_228' title='bbox 1313 3642 1468 3724; x_wconf 80' lang='grc' dir='ltr'><em>ὁΒάκχος</em></span> 
     </span>
     <span class='ocr_line' id='line_1_30' title="bbox 284 3749 1470 3836; baseline -0.003 -19"><span class='ocrx_word' id='word_1_229' title='bbox 284 3755 328 3834; x_wconf 76' lang='grc' dir='ltr'><strong>τῷ</strong></span> <span class='ocrx_word' id='word_1_230' title='bbox 340 3754 454 3836; x_wconf 80' lang='grc' dir='ltr'><em>Σύλλρο</em></span> <span class='ocrx_word' id='word_1_231' title='bbox 465 3752 667 3835; x_wconf 76' lang='grc' dir='ltr'><em>χωριζόμενος</em></span> <span class='ocrx_word' id='word_1_232' title='bbox 678 3753 857 3826; x_wconf 69' lang='grc' dir='ltr'><em>ἀνέθηκεν</em></span> <span class='ocrx_word' id='word_1_233' title='bbox 879 3750 1028 3825; x_wconf 79' lang='grc' dir='ltr'><em>εἰκόνος</em></span> <span class='ocrx_word' id='word_1_234' title='bbox 1040 3753 1070 3815; x_wconf 82' lang='grc' dir='ltr'><strong>ἐν</strong></span> <span class='ocrx_word' id='word_1_235' title='bbox 1082 3753 1124 3832; x_wconf 78' lang='grc' dir='ltr'><strong>τῷ</strong></span> <span class='ocrx_word' id='word_1_236' title='bbox 1133 3749 1470 3832; x_wconf 77' lang='grc' dir='ltr'><em>Κοπιτωλίῳτροποιιο·</em></span> 
     </span>
     <span class='ocr_line' id='line_1_31' title="bbox 275 3854 1463 3939; baseline -0.004 -18"><span class='ocrx_word' id='word_1_237' title='bbox 275 3857 414 3939; x_wconf 80' lang='grc' dir='ltr'><em>φόρους,</em></span> <span class='ocrx_word' id='word_1_238' title='bbox 439 3867 532 3923; x_wconf 82' lang='lat' dir='ltr'><strong>vetus</strong></span> <span class='ocrx_word' id='word_1_239' title='bbox 555 3857 707 3923; x_wconf 84' lang='lat' dir='ltr'><strong>mendum</strong></span> <span class='ocrx_word' id='word_1_240' title='bbox 729 3858 762 3921; x_wconf 91' lang='lat' dir='ltr'><strong>in</strong></span> <span class='ocrx_word' id='word_1_241' title='bbox 781 3863 1182 3922; x_wconf 73' lang='lat' dir='ltr'><strong>nneoHKaNerrronac</strong></span> <span class='ocrx_word' id='word_1_242' title='bbox 1205 3854 1292 3920; x_wconf 89' lang='lat' dir='ltr'><strong>latet.</strong></span> <span class='ocrx_word' id='word_1_243' title='bbox 1327 3854 1463 3919; x_wconf 62' lang='lat' dir='ltr'><strong>Pruna.</strong></span> 
     </span>
     <span class='ocr_line' id='line_1_32' title="bbox 281 3960 1468 4048; baseline -0.003 -20"><span class='ocrx_word' id='word_1_244' title='bbox 281 3982 357 4028; x_wconf 85' lang='lat' dir='ltr'><strong>onos</strong></span> <span class='ocrx_word' id='word_1_245' title='bbox 377 3963 507 4048; x_wconf 89' lang='lat' dir='ltr'><strong>scripsit</strong></span> <span class='ocrx_word' id='word_1_246' title='bbox 525 3963 653 4036; x_wconf 70' lang='grc' dir='ltr'><em>ἀνέθηκε</em></span> <span class='ocrx_word' id='word_1_247' title='bbox 681 3962 804 4038; x_wconf 84' lang='grc' dir='ltr'><em>Νίνος,</em></span> <span class='ocrx_word' id='word_1_248' title='bbox 828 3960 912 4048; x_wconf 86' lang='lat' dir='ltr'><strong>quod</strong></span> <span class='ocrx_word' id='word_1_249' title='bbox 932 3961 1008 4026; x_wconf 92' lang='lat' dir='ltr'><strong>olim</strong></span> <span class='ocrx_word' id='word_1_250' title='bbox 1031 3962 1079 4026; x_wconf 92' lang='lat' dir='ltr'><strong>sic</strong></span> <span class='ocrx_word' id='word_1_251' title='bbox 1107 3960 1287 4027; x_wconf 87' lang='lat' dir='ltr'><strong>scribebant</strong></span> <span class='ocrx_word' id='word_1_252' title='bbox 1309 3968 1468 4025; x_wconf 68' lang='grc' dir='ltr'><strong>ΛΝΕΘΗ-</strong></span> 
     </span>
     <span class='ocr_line' id='line_1_33' title="bbox 282 4065 1466 4154; baseline -0.004 -18"><span class='ocrx_word' id='word_1_253' title='bbox 282 4078 488 4138; x_wconf 77' lang='lat' dir='ltr'><strong>KeNaIKAc.</strong></span> <span class='ocrx_word' id='word_1_254' title='bbox 534 4068 580 4134; x_wconf 90' lang='lat' dir='ltr'><strong>Ne</strong></span> <span class='ocrx_word' id='word_1_255' title='bbox 610 4067 683 4152; x_wconf 89' lang='lat' dir='ltr'><strong>quis</strong></span> <span class='ocrx_word' id='word_1_256' title='bbox 707 4065 854 4132; x_wconf 90' lang='lat' dir='ltr'><strong>dubitare</strong></span> <span class='ocrx_word' id='word_1_257' title='bbox 888 4067 1006 4154; x_wconf 85' lang='lat' dir='ltr'><strong>possit,</strong></span> <span class='ocrx_word' id='word_1_258' title='bbox 1039 4066 1120 4132; x_wconf 91' lang='lat' dir='ltr'><strong>dabo</strong></span> <span class='ocrx_word' id='word_1_259' title='bbox 1146 4065 1365 4131; x_wconf 80' lang='lat' dir='ltr'><strong>fideiussorem</strong></span> <span class='ocrx_word' id='word_1_260' title='bbox 1389 4066 1466 4131; x_wconf 82' lang='lat' dir='ltr'><strong>Pnu-</strong></span> 
     </span>
     <span class='ocr_line' id='line_1_34' title="bbox 281 4170 1465 4261; baseline -0.004 -21"><span class='ocrx_word' id='word_1_261' title='bbox 281 4194 421 4240; x_wconf 77' lang='lat' dir='ltr'><strong>t&#39;ancuntt</strong></span> <span class='ocrx_word' id='word_1_262' title='bbox 452 4176 557 4261; x_wconf 83' lang='lat' dir='ltr'><strong>ipsum</strong></span> <span class='ocrx_word' id='word_1_263' title='bbox 588 4174 621 4238; x_wconf 92' lang='lat' dir='ltr'><strong>in</strong></span> <span class='ocrx_word' id='word_1_264' title='bbox 649 4171 749 4237; x_wconf 68' lang='lat' dir='ltr'><strong>Morio</strong></span> <span class='ocrx_word' id='word_1_265' title='bbox 778 4194 848 4259; x_wconf 83' lang='lat' dir='ltr'><strong>cap.</strong></span> <span class='ocrx_word' id='word_1_266' title='bbox 872 4178 925 4239; x_wconf 70' lang='lat'><strong>52.</strong></span> <span class='ocrx_word' id='word_1_267' title='bbox 972 4173 1090 4254; x_wconf 74' lang='grc' dir='ltr'><em>Βόκχος</em></span> <span class='ocrx_word' id='word_1_268' title='bbox 1119 4173 1132 4236; x_wconf 81' lang='grc' dir='ltr'><em>ὃ</em></span> <span class='ocrx_word' id='word_1_269' title='bbox 1157 4172 1269 4249; x_wconf 71' lang='grc' dir='ltr'><em>Νομοὶς</em></span> <span class='ocrx_word' id='word_1_270' title='bbox 1300 4170 1409 4246; x_wconf 81' lang='grc' dir='ltr'><em>ἔςηοεν</em></span> <span class='ocrx_word' id='word_1_271' title='bbox 1433 4173 1465 4235; x_wconf 84' lang='grc' dir='ltr'><strong>ἕν</strong></span> 
     </span>
     <span class='ocr_line' id='line_1_35' title="bbox 272 4275 1464 4363; baseline -0.005 -18"><span class='ocrx_word' id='word_1_272' title='bbox 272 4280 468 4363; x_wconf 73' lang='grc' dir='ltr'><em>Καπιτωλίῳ</em></span> <span class='ocrx_word' id='word_1_273' title='bbox 488 4283 591 4354; x_wconf 70' lang='lat' dir='ltr'><strong>Nicer</strong></span> <span class='ocrx_word' id='word_1_274' title='bbox 612 4278 860 4361; x_wconf 71' lang='grc' dir='ltr'><em>τροπαιοφόρους.</em></span> <span class='ocrx_word' id='word_1_275' title='bbox 898 4281 933 4345; x_wconf 92' lang='lat' dir='ltr'><strong>ln</strong></span> <span class='ocrx_word' id='word_1_276' title='bbox 952 4279 1095 4345; x_wconf 86' lang='lat' dir='ltr'><strong>ciusdem</strong></span> <span class='ocrx_word' id='word_1_277' title='bbox 1116 4277 1182 4341; x_wconf 86' lang='lat' dir='ltr'><strong>vita</strong></span> <span class='ocrx_word' id='word_1_278' title='bbox 1203 4275 1342 4362; x_wconf 73' lang='lat' dir='ltr'><strong>Lycurgi</strong></span> <span class='ocrx_word' id='word_1_279' title='bbox 1365 4296 1393 4340; x_wconf 91' lang='lat' dir='ltr'><strong>c.</strong></span> <span class='ocrx_word' id='word_1_280' title='bbox 1410 4278 1464 4340; x_wconf 89' lang='lat'><strong>16.</strong></span> 
     </span>
     <span class='ocr_line' id='line_1_36' title="bbox 281 4380 1464 4471; baseline -0.006 -22"><span class='ocrx_word' id='word_1_281' title='bbox 281 4382 358 4449; x_wconf 92' lang='lat' dir='ltr'><strong>binc</strong></span> <span class='ocrx_word' id='word_1_282' title='bbox 382 4392 457 4449; x_wconf 91' lang='lat' dir='ltr'><strong>nata</strong></span> <span class='ocrx_word' id='word_1_283' title='bbox 479 4395 526 4451; x_wconf 93' lang='lat' dir='ltr'><strong>est</strong></span> <span class='ocrx_word' id='word_1_284' title='bbox 549 4385 709 4469; x_wconf 87' lang='lat' dir='ltr'><strong>scriptura</strong></span> <span class='ocrx_word' id='word_1_285' title='bbox 741 4384 826 4459; x_wconf 73' lang='grc' dir='ltr'><em>εἵλην</em></span> <span class='ocrx_word' id='word_1_286' title='bbox 850 4406 907 4471; x_wconf 93' lang='lat' dir='ltr'><strong>pro</strong></span> <span class='ocrx_word' id='word_1_287' title='bbox 929 4384 1014 4460; x_wconf 80' lang='grc' dir='ltr'><em>ἴλην,</em></span> <span class='ocrx_word' id='word_1_288' title='bbox 1039 4381 1213 4466; x_wconf 86' lang='lat' dir='ltr'><strong>eademque</strong></span> <span class='ocrx_word' id='word_1_289' title='bbox 1233 4383 1322 4465; x_wconf 86' lang='lat' dir='ltr'><strong>origo</strong></span> <span class='ocrx_word' id='word_1_290' title='bbox 1344 4389 1394 4446; x_wconf 87' lang='lat' dir='ltr'><strong>est</strong></span> <span class='ocrx_word' id='word_1_291' title='bbox 1417 4380 1464 4443; x_wconf 87' lang='lat' dir='ltr'><strong>vi-</strong></span> 
     </span>
     <span class='ocr_line' id='line_1_37' title="bbox 281 4483 1465 4575; baseline -0.005 -20"><span class='ocrx_word' id='word_1_292' title='bbox 281 4491 402 4556; x_wconf 87' lang='lat' dir='ltr'><strong>tiorum</strong></span> <span class='ocrx_word' id='word_1_293' title='bbox 424 4491 458 4555; x_wconf 91' lang='lat' dir='ltr'><strong>in</strong></span> <span class='ocrx_word' id='word_1_294' title='bbox 481 4489 663 4555; x_wconf 88' lang='lat' dir='ltr'><strong>nominibus</strong></span> <span class='ocrx_word' id='word_1_295' title='bbox 683 4491 846 4575; x_wconf 79' lang='lat' dir='ltr'><strong>propriist</strong></span> <span class='ocrx_word' id='word_1_296' title='bbox 859 4492 994 4566; x_wconf 84' lang='grc' dir='ltr'><em>Πείοων,</em></span> <span class='ocrx_word' id='word_1_297' title='bbox 1016 4490 1031 4553; x_wconf 80' lang='grc' dir='ltr'><em>ὃ</em></span> <span class='ocrx_word' id='word_1_298' title='bbox 1056 4488 1194 4561; x_wconf 70' lang='grc' dir='ltr'><em>Δεῶιος,</em></span> <span class='ocrx_word' id='word_1_299' title='bbox 1218 4487 1232 4550; x_wconf 82' lang='lat' dir='ltr'><strong>o‘</strong></span> <span class='ocrx_word' id='word_1_300' title='bbox 1252 4494 1377 4566; x_wconf 81' lang='grc' dir='ltr'><em>Λεῑρις,</em></span> <span class='ocrx_word' id='word_1_301' title='bbox 1401 4483 1465 4550; x_wconf 91' lang='lat' dir='ltr'><strong>alia</strong></span> 
     </span>
     <span class='ocr_line' id='line_1_38' title="bbox 280 4590 1463 4687; baseline -0.006 -25"><span class='ocrx_word' id='word_1_302' title='bbox 280 4596 451 4687; x_wconf 88' lang='lat' dir='ltr'><strong>permulta.</strong></span> <span class='ocrx_word' id='word_1_303' title='bbox 498 4597 534 4662; x_wconf 92' lang='lat' dir='ltr'><strong>ln</strong></span> <span class='ocrx_word' id='word_1_304' title='bbox 559 4594 723 4660; x_wconf 88' lang='lat' dir='ltr'><strong>codicibus</strong></span> <span class='ocrx_word' id='word_1_305' title='bbox 755 4596 864 4661; x_wconf 88' lang='lat' dir='ltr'><strong>minus</strong></span> <span class='ocrx_word' id='word_1_306' title='bbox 893 4595 1035 4680; x_wconf 89' lang='lat' dir='ltr'><strong>antiquis</strong></span> <span class='ocrx_word' id='word_1_307' title='bbox 1063 4590 1261 4676; x_wconf 86' lang='lat' dir='ltr'><strong>frequentior</strong></span> <span class='ocrx_word' id='word_1_308' title='bbox 1292 4592 1391 4657; x_wconf 91' lang='lat' dir='ltr'><strong>etiam</strong></span> <span class='ocrx_word' id='word_1_309' title='bbox 1413 4598 1463 4656; x_wconf 90' lang='lat' dir='ltr'><strong>est</strong></span> 
     </span>
     <span class='ocr_line' id='line_1_39' title="bbox 280 4690 1462 4790; baseline -0.009 -15"><span class='ocrx_word' id='word_1_310' title='bbox 280 4710 460 4776; x_wconf 88' lang='lat' dir='ltr'><strong>contrarius</strong></span> <span class='ocrx_word' id='word_1_311' title='bbox 492 4726 601 4784; x_wconf 87' lang='lat' dir='ltr'><strong>error,</strong></span> <span class='ocrx_word' id='word_1_312' title='bbox 631 4716 665 4770; x_wconf 90' lang='lat' dir='ltr'><strong>ut</strong></span> <span class='ocrx_word' id='word_1_313' title='bbox 688 4690 810 4774; x_wconf 51' lang='lat' dir='ltr'><strong>elin-r</strong></span> <span class='ocrx_word' id='word_1_314' title='bbox 831 4706 943 4780; x_wconf 85' lang='lat' dir='ltr'><strong>abeat,</strong></span> <span class='ocrx_word' id='word_1_315' title='bbox 970 4706 1002 4770; x_wconf 87' lang='lat' dir='ltr'><strong>in</strong></span> <span class='ocrx_word' id='word_1_316' title='bbox 1028 4723 1090 4790; x_wconf 87' lang='lat' dir='ltr'><strong>qua</strong></span> <span class='ocrx_word' id='word_1_317' title='bbox 1122 4722 1156 4768; x_wconf 93' lang='lat' dir='ltr'><strong>rc</strong></span> <span class='ocrx_word' id='word_1_318' title='bbox 1186 4700 1266 4767; x_wconf 93' lang='lat' dir='ltr'><strong>nihil</strong></span> <span class='ocrx_word' id='word_1_319' title='bbox 1292 4707 1462 4767; x_wconf 87' lang='lat' dir='ltr'><strong>morantur</strong></span> 
     </span>
    </p>
   </div>
   <div class='ocr_carea' id='block_1_5' title="bbox 0 0 1660 5750">
    <p class='ocr_par' dir='ltr' id='par_1_6' title="bbox 0 0 1660 5750">
     <span class='ocr_line' id='line_1_40' title="bbox 0 0 1660 5750; baseline 0 3"><span class='ocrx_word' id='word_1_320' title='bbox 0 0 1660 5750; x_wconf 95' lang='lat' dir='ltr'><strong> </strong></span> 
     </span>
    </p>
   </div>
  </div>
 </body>
</html>
