3309 5750
799 645 860 708 105

241 818 482 886 Atheniensibus
500 835 578 883 ‘non
598 826 646 884 est
667 818 699 883 in
726 820 916 897 ιιειι-γηίεῑν
941 818 996 884 sed
1026 819 1213 899 γεγηθέναι,
1237 839 1300 886 non
1329 822 1430 900 γηίῶν

242 925 394 992 dicebant
416 923 471 991 sed
495 925 647 1003 γεχηίάς.
684 922 789 1009 Igitur
809 923 968 1002 ἐτνγηίεῑν
991 945 1009 991 e
1029 925 1107 990 vitio
1129 932 1241 990 natum
1264 933 1314 991 est
1334 933 1367 993 et
1382 946 1431 994 re·

234 1029 450 1098 'scribendum
471 1030 566 1095 τοῖσδ’
587 1031 747 1108 ε’χεχῆίεο.
767 1028 800 1094 id
821 1037 871 1095 est
888 1026 964 1095 οὕτω
986 1030 1049 1112 χάρ
1065 1028 1104 1095 ἀν
1124 1031 1219 1105 οὐδεὶς
1243 1031 1338 1099 τοῖσδ’
1361 1032 1431 1111 ἕχε·

241 1138 329 1216 γῆθεν
361 1136 429 1201 sive
452 1134 588 1217 ἔχαιρεν.
638 1134 795 1200 Similiter
820 1134 984 1201 Enarrrnrs
1011 1135 1043 1199 in
1068 1134 1247 1221 fragmento
1270 1136 1328 1203 XII
1352 1136 1429 1224 Hip-

238 1242 342 1329 palpet
360 1246 414 1308 τοῦ
437 1241 674 1321 καλυπτομένου
694 1239 792 1306 dixit:

371 1353 457 1430 φεῦ.
479 1353 565 1430 φεῦ,
588 1348 624 1413 τὸ
643 1349 687 1426 μη
709 1346 752 1412 τά
780 1344 948 1427 πράγματ’
970 1347 1134 1427 ἀνθρώποις
1156 1344 1242 1427 ἔχειν

376 1454 502 1535 φωνην,
526 1450 562 1518 ἵν’
586 1450 664 1530 ἦσαν
687 1450 781 1530 μηδὲν
803 1453 829 1516 οἱ
853 1451 939 1517 δεινοί
963 1450 1079 1530 λέγειν.

233 1556 330 1643 ηυντ]
354 1557 485 1644 perinde
512 1566 560 1624 est
586 1558 670 1624 acsi
700 1556 835 1622 dixisset
860 1557 943 1622 οὐδὲν
971 1555 1034 1638 γάρ
1068 1554 1107 1621 ἀν
1131 1554 1209 1634 ἦσαν
1231 1566 1264 1625 et
1288 1557 1320 1623 in
1346 1556 1430 1645 frag·

245 1670 356 1728 nrento
377 1665 468 1737 Ἰνοῦς
493 1663 584 1729 XlV:

421 1776 500 1850 χρῆν
524 1767 588 1850 adep
609 1769 661 1834 τὸν
683 1770 862 1851 εὐτυχοῦνθ’
885 1764 931 1833 ὅτε
955 1767 1089 1841 οτλείςοος
1110 1766 1195 1850 ἔχειν

422 1882 600 1952 γυναῖκας,
625 1871 709 1955 εἴπερ
734 1875 769 1950 δη
793 1873 891 1956 τροφῆ
914 1871 1015 1951 atnoe
1037 1883 1156 1954 παρῆν,

356 2013 359 2026 ·
420 1981 459 2052 ἀς
482 1981 537 2054 την
561 1981 658 2055 κακῆν
681 1979 738 2058 μὲν
762 1977 920 2058 ἐξέβαλλε
942 1977 1091 2058 δωμάτων

422 2086 477 2160 τῆν
501 2085 526 2149 δ’
547 2080 640 2150 οὖσαν
664 2086 773 2160 εὀίλῆν
797 2083 895 2160 sillae·
909 2084 1058 2165 ἐσώζετο,

232 2187 326 2275 quod
349 2175 434 2255 idem
458 2189 620 2274 significat
639 2198 735 2276 atque
765 2186 842 2255 οὕτω
865 2188 930 2271 etp
953 2188 992 2255 ἀν
1015 2192 1071 2266 τῆν
1093 2192 1150 2269 μὲν
1174 2192 1272 2267 κακῆν
1295 2190 1430 2271 ἐξέβαλ·

240 2308 303 2368 λε,
337 2296 391 2372 τῆν
416 2295 444 2360 δ’
468 2297 578 2370 ἐσθλὴν
600 2294 740 2376 ἕστίζετο.
787 2295 908 2379 Ecquis
935 2302 1005 2370 est,
1039 2296 1095 2381 qui
1120 2302 1210 2381 putet
1233 2296 1265 2361 in
1290 2296 1342 2362 his
1364 2297 1429 2378 ryt-

241 2422 355 2479 γνετο,
387 2401 572 2475 ἀνηλίσκετο
596 2407 658 2465 oet.
682 2398 770 2466 salva
799 2399 960 2465 sententia
979 2407 1012 2464 et
1037 2399 1208 2466 Graecitate
1233 2403 1347 2467 autin
1378 2401 1428 2482 γί-

240 2528 344 2584 γνοντο
364 2512 396 2573 et
419 2507 617 2573 ἀναλίσκοντο
653 2505 772 2570 mutari
796 2524 907 2591 posse,
936 2512 994 2571 ant
1017 2503 1056 2569 ἀν
1080 2503 1197 2570 adiici?
1221 2506 1340 2584 Nemo,
1363 2509 1428 2594 opi·

239 2629 310 2676 nor.
358 2610 423 2677 Cur
454 2611 556 2697 igitur
579 2610 689 2697 aequis
720 2611 838 2676 animis
870 2608 954 2677 ferre
983 2617 1157 2697 potuerunt
1181 2610 1259 2677 vitia
1279 2610 1429 2679 manifes-

240 2726 291 2793 ta,
327 2715 422 2802 quale
454 2714 573 2801 legitur
595 2715 627 2781 in
652 2714 732 2781 lsanr
765 2716 908 2782 oratione
934 2714 987 2781 xl.
1018 2719 1051 2781 6.
1078 2725 1210 2796 προσῆκε
1232 2716 1426 2800 παρέχεσθαι

237 2822 412 2905 μαρτυρίας
438 2820 510 2912 (leg.
534 2820 730 2911 μοίρτυρας),
755 2818 952 2903 intendente
976 2819 1015 2887 ἀν
1038 2821 1219 2899 tenestem,
1239 2829 1296 2888 aut
1319 2823 1353 2889 in
1378 2824 1428 2891 St'·

238 2927 361 3016 oppda,
385 2929 501 2994 incerti
524 2929 665 2994 auctoris
684 2927 828 3014 dialogo,
854 2928 910 3014 qui
934 2927 967 2993 in
982 2927 1154 2993 Platonicis
1175 2927 1426 3010 circumfertur,

238 3054 273 3121 p.
295 3038 372 3100 587.
395 3033 471 3115 χίὲς
495 3058 530 3099 τε
545 3035 642 3100 πολὺν
660 3033 767 3115 χρόνον
788 3033 996 3113 ἀνεμείναμεν
1019 3030 1099 3108 ὄντας
1124 3035 1162 3101 ἀν
1185 3032 1332 3116 ξυνηκροῶ
1353 3038 1426 3116 ημῖν

237 3139 345 3220 ἀνδρὸς
368 3144 488 3222 σοφοῦ,
525 3147 557 3204 et
584 3139 631 3203 sie
654 3158 747 3225 saepe
776 3147 929 3225 peccatur
955 3138 1040 3226 apud
1070 3148 1195 3205 veteres
1219 3148 1252 3205 et
1278 3139 1428 3226 probatos

243 3243 426 3311 Graecitatis
459 3252 616 3310 auctores.
674 3243 794 3330 Nempe
823 3242 862 3309 ἀν
895 3243 1053 3310 addebant
1076 3245 1146 3321 isti,
1181 3244 1339 3331 quiquid
1364 3246 1426 3312 sibi

238 3349 357 3416 vellent
384 3350 565 3425 lessedene,
589 3347 756 3429 ξυνηκροῶ,
787 3348 926 3425 similia,
960 3369 1023 3414 non
1056 3350 1136 3414 satis
1159 3349 1424 3435 assequebantur.

231 3454 334 3542 opud
351 3454 522 3521 Lourinon.
546 3454 640 3518 ouius
653 3473 750 3519 causa
771 3452 850 3519 haee
868 3453 1036 3539 praemisi,
1055 3453 1153 3519 semel
1165 3460 1291 3518 tantum
1310 3452 1427 3521 Graeco

238 3568 272 3625 et
304 3561 443 3645 genuina
464 3558 565 3625 forma
594 3560 694 3625 evasit
719 3564 756 3636 5,
778 3562 831 3624 ὄλ.
856 3559 914 3624 ὑπὸ
935 3567 974 3640 τῆ
998 3559 1050 3640 ρὀνί
1075 3559 1168 3640 ἐχρῆν
1192 3559 1365 3642 elaeatae,
1388 3555 1426 3628 ἵν’

237 3668 278 3740 τίς
298 3673 426 3735 ντλεῖςον
449 3666 589 3731 ἀνέσταν
613 3673 668 3741 τῆς
689 3666 803 3742 ἡδονῆς.
852 3663 930 3744 Quis
956 3683 1042 3729 nnnc
1074 3683 1136 3728 non
1168 3663 1255 3729 videt
1279 3665 1427 3732 manifes-

236 3781 311 3836 tum
333 3770 485 3837 oriendum
511 3772 543 3835 in
564 3769 613 3834 his
640 3776 700 3849 10,
721 3775 763 3846 6,
787 3773 817 3835 d.
842 3770 952 3835 είδίναν
966 3771 1060 3851 ε’χρῆν
1081 3769 1157 3835 τότε
1174 3771 1226 3836 καί
1246 3770 1424 3849 τεθνήξεται

239 3884 300 3944 τῶν
319 3876 470 3958 γερόντων
498 3873 608 3949 ἕκαςος
631 3873 681 3941 ἵνα
705 3878 749 3956 μῆ
774 3874 880 3955 μάτην
901 3876 947 3942 ἀν
976 3875 1069 3950 ἐνίους
1103 3876 1305 3957 ε’ίεράττευονί
1339 3879 1425 3945 satin

201 3958 208 3977 ⁴
240 3989 367 4049 eertum
389 3988 437 4046 est
463 3978 503 4046 ἀν
533 3979 703 4047 delendum
726 3980 820 4047 esse?
858 3980 926 4045 Non
951 3978 1053 4068 magis
1076 3979 1180 4047 eidem
1201 3981 1330 4049 voculae
1354 4003 1426 4070 par·

239 4088 379 4155 cendum
413 4092 476 4163 15,
510 4090 541 4152 d.
573 4085 674 4167 ἀροςον
707 4084 740 4164 ῆν
775 4123 819 4135 -
850 4084 886 4152 ἵν’
914 4086 951 4152 ἀν
975 4087 1027 4153 καί
1052 4088 1087 4152 τὸ
1114 4086 1203 4169 μέρος
1225 4090 1320 4155 αὐτοῦ
1352 4088 1425 4156 ἕνα·

239 4219 290 4269 eae
315 4192 397 4274 ἔχων
427 4190 654 4266 ἀπηλλάττετο
683 4200 713 4258 et
739 4197 803 4270 41,
837 4196 889 4257 18.
927 4190 986 4256 είίε
1016 4216 1056 4270 χε
1086 4194 1241 4271 ἀνώμοτος
1271 4193 1310 4259 ἀν
1330 4197 1426 4262 ταῦτ’

239 4298 350 4378 ἔλεγες
365 4295 415 4364 ἵνα
433 4296 485 4363 καὶ
504 4299 629 4367 ἀντοςεῖν
645 4299 682 4363 ἀν
705 4296 868 4376 ἐδυνάμην.
916 4296 984 4362 Non
1006 4303 1168 4362 estonum
1191 4318 1250 4363 ovo
1272 4298 1427 4379 similiuS,

239 4424 337 4490 qnam
351 4410 400 4469 est
420 4401 535 4468 horum
554 4401 697 4468 looornrn
715 4404 840 4489 primns
857 4401 925 4468 loco
938 4402 1102 4467 Pnnroms:
1124 4400 1173 4468 ίνα
1191 4405 1236 4482 μῆ
1257 4405 1300 4478 είς
1313 4404 1426 4480 ἀδηλον

239 4510 341 4584 πολλῆ
362 4509 476 4584 οτουδῆ
494 4509 678 4584 ἀνηλίσκετο
694 4515 880 4595 poteratque
902 4507 1063 4595 parasitus
1084 4507 1135 4573 liis
1158 4509 1236 4595 ipsis
1259 4510 1364 4576 verbis
1377 4511 1426 4575 uti

239 4634 295 4700 pro
319 4615 388 4680 suis
416 4611 466 4680 ίνα
483 4616 526 4692 μῆ
551 4613 656 4694 μάτην
679 4615 772 4687 ε’νίους
794 4613 983 4694 ίίεράοτευον.
1030 4610 1128 4679 Seioli
1151 4623 1303 4701 quartum
1326 4613 1365 4680 ἀν
1387 4612 1428 4680 de
