3309 5750
778 706 796 768 5

189 882 392 949 doctissimos
405 881 490 946 viros
503 878 564 945 diu.
578 876 736 955 luserint,
761 884 794 943 at
806 877 886 963 quid
904 878 944 943 iis
962 874 1079 954 iacias,
1102 880 1159 965 qui
1178 880 1263 967 apud
1288 882 1383 952 Sraa·

187 1008 284 1053 nonen
309 987 362 1052 ΙΙΙ.
387 1009 419 1074 p.
445 989 520 1053 172.
542 987 595 1061 τὴν
616 982 803 1050 οῖντῖπλοναν
824 982 972 1049 dederint
996 1003 1053 1067 pro
1075 984 1297 1066 οῖντνποῖθεοαν,
1321 998 1380 1057 aut

187 1092 406 1158 induruerat
430 1090 516 1157 dicto
547 1087 632 1175 apud
662 1087 750 1154 Sroe.
773 1087 886 1153 Floril.
911 1087 1003 1154 CXX.
1027 1092 1067 1154 25
1092 1091 1147 1166 τῖςν
1177 1094 1211 1157 ἐκ
1235 1094 1380 1170 Κιλικίας

188 1199 274 1280 αὐτῷ
293 1198 459 1277 γενομένην
482 1198 525 1269 εῖς
549 1196 680 1271 Ἀθήνας
701 1193 919 1261 εὐπάθειαν
942 1192 1183 1280 proeliarentur.
1230 1200 1383 1285 Arguunt

188 1300 223 1366 hi
241 1300 322 1381 loci,
347 1301 430 1389 qnod
453 1302 618 1366 innumeri
644 1298 699 1364 alii
723 1297 939 1374 confirmant,
974 1300 1008 1364 in
1037 1303 1174 1367 vetustis
1195 1302 1286 1369 libris
1310 1315 1385 1372 ET·

187 1417 354 1475 ΠΑΘΙΛΝ
379 1415 412 1473 et
435 1414 710 1474 ΑΝΤΙΠΑΘΙΛΝ
738 1402 837 1470 scribi
862 1403 964 1468 solere
987 1424 1045 1490 pro
1068 1430 1169 1483 -εναν,
1190 1428 1290 1492 quare
1317 1430 1382 1476 non

189 1520 240 1579 est
268 1510 519 1597 trepidandum,
546 1511 575 1576 si
598 1508 725 1595 quando
748 1509 926 1595 perveteris
961 1509 1143 1595 scripturae
1169 1514 1305 1598 vestigia
1341 1515 1385 1582 ri·

190 1616 307 1693 meris,
339 1635 439 1701 quum
462 1639 471 1681 r
494 1615 597 1681 solum
615 1621 764 1700 apparet,
790 1614 845 1681 nbi
864 1639 890 1679 εν
919 1615 1071 1680 Graecum
1092 1623 1151 1681 est.
1199 1617 1304 1684 Prosit
1325 1618 1385 1687 boc

190 1718 320 1797 Lrsran,
351 1720 436 1806 apud
461 1740 558 1807 quem
584 1740 671 1786 nunc
699 1718 781 1785 Orat.
811 1719 866 1786 lX.
893 1718 917 1807 ἕ
945 1724 963 1784 2
1000 1739 1075 1785 reus
1100 1720 1146 1784 sic
1173 1720 1213 1786 ad
1246 1722 1383 1791 iudices:

191 1826 218 1889 εῖ
242 1824 345 1903 μέντοι
371 1827 455 1905 ὑμαῖς
478 1825 591 1893 οῖοντοοο
622 1826 660 1891 δι’
692 1824 842 1891 εὔνοιαν
867 1826 925 1890 ὑπὸ
949 1831 1007 1890 τῶν
1030 1826 1183 1905 διαβολῶν
1200 1828 1383 1903 πεισθέντος

191 1930 466 2013 καταψηφιεῖσθαί
485 1955 546 2011 μον
565 1935 619 1998 οὐκ
647 1928 930 2009 indormiscunt,
954 1931 1082 2018 inepte,
1105 1939 1142 1995 ut
1168 1931 1248 2001 nibil
1272 1954 1384 2020 supra.

189 2034 313 2099 Novum
338 2043 386 2101 cst
410 2034 469 2101 hoc
492 2037 609 2110 εὐνοίας
627 2055 751 2124 genus,
783 2055 847 2121 qua
875 2034 970 2101 iudex
994 2037 1196 2102 innocentem
1220 2039 1384 2124 opprimit.

189 2138 317 2225 Repone
338 2142 496 2220 εὐήθειαν,
522 2140 608 2228 quod
637 2150 831 2208 ΕΤΗΘΙΑΝ
860 2143 1017 2227 scriptum
1043 2143 1167 2227 peperit
1188 2142 1328 2209 ioculare
1348 2142 1385 2209 il·

188 2242 245 2311 lud
275 2243 403 2310 edoctor.
450 2248 569 2323 uoltus
601 2254 633 2312 et
669 2248 792 2323 εὐήθεια
815 2246 848 2310 in
876 2265 913 2311 ea
944 2264 979 2310 re
1009 2247 1087 2312 trita
1111 2254 1210 2321 sunt,
1240 2245 1285 2313 cl.
1312 2248 1384 2316 LYS.

188 2349 257 2417 XII.
291 2354 393 2439 §Sl
441 2350 683 2418 Eiusdemmodi
715 2349 881 2436 complura
904 2349 997 2415 facile
1028 2358 1075 2417 est
1109 2372 1148 2417 ex
1177 2352 1307 2420 assidua
1330 2352 1384 2419 ob·

187 2455 369 2521 servatione
389 2453 536 2519 codicum
558 2454 726 2540 colligere,
755 2455 871 2541 quibus
893 2456 978 2519 inest
1001 2475 1039 2521 ea
1062 2456 1278 2535 πενοανοῖνκν,
1300 2478 1384 2544 quae

188 2567 294 2626 certas
314 2557 555 2626 emendationes
572 2558 612 2626 ab
632 2560 764 2625 incertis
785 2558 1040 2625 correctionibus
1062 2559 1243 2644 distinguit.
1269 2562 1385 2627 Emen-

189 2662 277 2730 davit
298 2683 401 2750 nuper
426 2664 682 2749 pulcherrimum
701 2664 850 2732 Petronis
870 2664 902 2728 in
923 2662 1097 2749 Protcporc
1119 2664 1224 2729 locum
1248 2663 1384 2732 Cinorus

190 2771 336 2845 Beonan,
361 2770 416 2854 qni
447 2789 541 2836 verae
570 2769 703 2837 criticae
737 2766 866 2834 laudem
900 2767 986 2854 apud
1013 2769 1183 2855 populares
1217 2789 1293 2835 suos
1315 2771 1384 2836 vin-

189 2878 278 2944 dicat
308 2885 340 2943 et
365 2884 477 2945 tuetur
507 2876 552 2965 (in
578 2873 721 2960 Praefert.
744 2873 785 2939 od
813 2872 896 2942 Plot.
921 2872 1101 2940 Phaedrum
1124 2897 1153 2963 p.
1176 2873 1241 2963 rr),
1265 2876 1322 2943 sed
1341 2876 1387 2944 le·

190 2985 238 3050 vis
259 3002 369 3058 error,
389 2982 531 3067 inquom
557 2978 742 3065 implicatus
763 2986 829 3058 est,
857 2983 912 3055 τὴν
934 2979 1096 3062 ἐναρνεναν
1121 2982 1263 3048 sustulit.
1311 2983 1386 3050 Pm-

188 3108 275 3155 rorus
305 3086 402 3153 verba
434 3093 510 3152 sunt
534 3085 565 3151 in
596 3085 793 3150 Pnorlconln
827 3086 1018 3151 suavissima
1051 3085 1157 3152 fabula
1191 3108 1220 3172 p.
1246 3089 1322 3152 521.
1348 3088 1386 3155 Α.

189 3195 264 3276 πρὸς
300 3193 359 3266 τοῖς
387 3195 422 3258 ἐκ
453 3192 525 3264 Διὸς
558 3189 635 3271 ὥρας
669 3189 836 3271 εὐμάρειαν
869 3192 1056 3271 ἐμηχανᾶτο
1092 3193 1267 3275 οῖμφνεννὺς
1301 3193 1387 3259 αὐτοὶ

188 3306 321 3371 πυκναῖς
341 3322 377 3363 πε
399 3296 472 3379 θριξὶ
494 3296 546 3363 κα)
576 3303 687 3377 ςερεοῖς
709 3295 855 3376 δέρμασιν
880 3297 994 3369 ἱκανοῖς
1019 3297 1077 3376 μὲν
1098 3299 1217 3376 eperat
1240 3303 1385 3378 χειμῶνα

186 3406 326 3475 δυνατοῖς
355 3401 386 3467 δὲ
420 3401 471 3466 καὶ
497 3401 650 3478 καύματα
673 3400 725 3464 καὶ
755 3401 797 3475 εἷς
822 3399 913 3472 εὐνὰς
939 3402 1032 3465 ῖοῦοον
1063 3397 1143 3474 ὅπως
1171 3399 1306 3485 ὑπάρχον
1338 3401 1382 3469 τοὶ

189 3509 275 3576 αὐτοὶ
296 3512 403 3573 ταῦτα
433 3507 555 3586 §pounb
577 3503 674 3571 οἰκεῖα
700 3527 735 3568 τε
760 3504 811 3568 καὶ
843 3504 1002 3584 αὐτοφυὴς
1022 3501 1122 3585 ἑκοῖςῳ
1146 3504 1198 3569 καὶ
1225 3507 1296 3570 ὑπὸ
1319 3529 1385 3571 πο·

187 3618 255 3683 δῶν
274 3613 317 3681 τοὶ
336 3612 394 3692 μὲν
418 3611 532 3682 ὁπλαῖς
552 3608 595 3677 ποῖ
626 3607 657 3674 δὲ
682 3605 755 3689 θριξὶ
780 3607 832 3672 καὶ
860 3607 988 3688 δέρματι
1017 3616 1128 3688 ςερεοῖς
1148 3608 1200 3675 καὶ
1224 3609 1381 3688 οῖναίμονς.

187 3722 223 3787 ln
249 3719 299 3784 his
315 3712 381 3785 ’ὑπὸ
402 3716 500 3783 ποδῶν
524 3719 677 3798 corrupta
697 3719 783 3779 sunt.
832 3712 912 3778 Rem
935 3730 996 3777 acu
1021 3713 1126 3798 tetigit
1154 3713 1301 3791 Bonum,
1327 3716 1384 3803 qui

187 3823 385 3892 brevissime
401 3821 420 3886 l.
444 3820 484 3888 l.:
510 3840 588 3906 »pro
611 3820 670 3884 ὑπο
696 3819 792 3885 ποδῶν
813 3817 834 3883 l.
863 3816 1005 3884 ὑποδὲαν.
1053 3817 1098 3884 (ll.
1128 3839 1226 3906 supra
1246 3822 1383 3905 οῖμφνεν·

186 3930 239 4006 νν’ς
253 3930 273 3963 ”
298 3936 331 3995 at
355 3946 449 3995 nemo
472 3924 590 3995 dixerit
613 3924 771 4011 quomodo
801 3924 933 3992 ὑποδὲων
954 3926 986 3990 in
1011 3926 1070 3993 ὑπὸ
1091 3926 1186 3995 ποδῶν
1212 3925 1381 4013 depravari

189 4035 342 4123 potuerit.
389 4030 591 4099 Athenienses
618 4039 814 4103 autemnon
840 4029 989 4097 dicebant
1014 4032 1143 4099 ὑποδέων
1167 4029 1224 4096 sed
1247 4033 1381 4115 ὑποδῶν,

185 4159 238 4207 res
260 4146 349 4205 certa
378 4144 480 4206 estet
505 4144 591 4205 uota.
647 4135 699 4203 Sto
722 4138 822 4217 λήροις
857 4138 975 4203 οῖναδῶν
999 4137 1070 4210 ποὺς
1100 4143 1245 4210 νικῶντας
1274 4140 1381 4210 estin

186 4248 349 4312 Amsronu.
362 4243 457 4310 Pluto
469 4264 515 4309 vs.
531 4247 607 4311 589.
621 4241 841 4307 nordoultus.
875 4241 976 4309 Viden
995 4243 1095 4327 igitur
1107 4242 1379 4328 quemadmodum

186 4359 377 4419 ΤΠΟΔΩΝ
401 4349 560 4435 pepererit
583 4346 770 4433 vulgatam?
820 4346 904 4414 Sunt
926 4346 1111 4414 huiusmodi
1129 4367 1256 4413 errores
1271 4348 1379 4416 admo·

187 4459 265 4524 dum
289 4463 432 4528 veteres,
447 4450 717 4540 quemadmodum
737 4473 830 4538 saepe
852 4453 884 4517 in
906 4454 1116 4539 sequentibus
1134 4452 1361 4521 demonstrabo
1369 4504 1379 4546 2

188 4583 292 4650 neque
324 4568 450 4627 tantum
478 4557 598 4628 indocti
628 4557 753 4625 scribac
781 4560 827 4623 sic
849 4557 1040 4624 hallucinari
1069 4558 1211 4625 solebant
1242 4556 1298 4628 sed
1325 4556 1379 4623 do·

189 4669 266 4747 etl.
284 4667 312 4734 si
334 4665 433 4733 liuteis
455 4665 579 4751 placet,
607 4663 816 4733 Grammatici
849 4662 985 4732 subinde
1012 4685 1074 4731 non
1101 4665 1211 4746 minus
1242 4661 1379 4765 mirifice

1090 4776 1100 4813 l
1116 4771 1126 4790 ‚
1348 4768 1351 4773 .
