3309 5750
858 641 923 704 302
1002 608 1009 619 ’

311 842 462 931 frequens
485 850 532 905 est
562 836 735 903 admodum
764 836 851 928 apud
877 837 1040 927 sequiores
1065 836 1223 928 imprimis
1248 837 1285 902 iu
1308 836 1492 919 Pessum,

312 948 476 1025 lrrrsoo,
509 945 615 1011 Droon
645 943 772 1011 Csssro.
819 942 928 1009 Semel
956 942 1019 1009 hoc
1049 944 1160 1009 sitium
1191 944 1227 1008 in
1259 944 1490 1013 ersorrrosr‘r

309 1064 459 1146 apparet,
483 1051 539 1142 qui
560 1052 593 1115 in
619 1050 692 1115 Asia
713 1062 745 1115 et
766 1048 988 1139 Peloponneso
1011 1071 1104 1114 usum
1125 1048 1249 1140 patriae
1269 1048 1411 1117 dialecti
1429 1076 1488 1119 nou

309 1160 350 1225 ab
380 1157 469 1223 omni
494 1158 567 1223 labe
592 1180 709 1248 porum
728 1178 851 1222 serrare
870 1157 977 1247 potuit
995 1178 1054 1246 per
1068 1167 1122 1240 ‚tot
1141 1177 1251 1220 annos.
1303 1155 1445 1248 Legitur
1459 1159 1488 1225 in

308 1268 498 1334 Hellenicis
527 1263 684 1330 l.r11.5.
711 1266 743 1327 οὐ
769 1262 832 1343 γαρ
857 1263 1005 1342 προύτέθη
1031 1260 1147 1342 σφίσι
1166 1260 1261 1338 λίνος
1282 1284 1349 1350 pro
1369 1268 1485 1338 αὐτοῖς.

307 1372 459 1438 Eiusdem
479 1370 602 1459 generis
621 1380 668 1435 est
688 1368 772 1447 μετα
796 1367 846 1441 δέ,
866 1366 954 1457 quod
970 1366 1144 1432 sexcenties
1161 1365 1248 1456 apud
1268 1366 1486 1437 Hsuouom

309 1478 427 1568 legitur
449 1500 510 1568 pro
530 1475 642 1541 ἔπειτα
663 1475 712 1548 δέ,
734 1484 767 1538 et
787 1475 958 1539 Luclanus
977 1472 1094 1562 passim
1118 1471 1306 1538 llsltonoro
1329 1475 1498 1567 sublegit.

309 1584 407 1650 semel
427 1594 552 1647 tantum
573 1594 657 1646 recte
681 1583 737 1658 14,
764 1583 792 1645 4.
811 1579 897 1659 μετα
922 1580 971 1652 δὲ,
992 1574 1013 1643 ὦ
1033 1578 1133 1656 ξεῖνε,
1153 1578 1251 1643 είσευιι
1275 1587 1341 1657 γῆς
1362 1606 1403 1646 τε
1422 1582 1481 1664 πέρι

308 1689 361 1755 καί
395 1687 498 1768 ἠέρος,
533 1686 609 1776 quia
639 1684 850 1775 Pythagoram
878 1682 1004 1749 inducit
1028 1706 1084 1748 sua
1111 1682 1250 1747 dialecto
1277 1682 1483 1775 loquentem,

308 1816 374 1859 uon
403 1791 471 1857 sine
500 1792 578 1855 sitio
609 1802 735 1869 tamen,
764 1813 838 1855 nam
859 1789 1034 1854 ridiculum
1057 1788 1212 1878 estquod
1234 1790 1252 1873 ς
1274 1792 1309 1857 3.
1331 1792 1485 1881 praecipit.

190 1887 193 1892 ⁵
308 1898 404 1964 πέντε
437 1894 515 1959 taor
551 1896 642 1960 ε’τὲυιν
674 1894 801 1960 λαλέειν
834 1897 949 1975 μηδὲν,
986 1896 1112 1961 solebat
1143 1895 1251 1961 dicere
1286 1899 1480 1978 ἐχεμυθίαν,

230 2045 233 2050 «
310 2001 470 2068 dicentem
501 2000 577 2065 fucit
608 2000 773 2081 φλυηρέειν
804 2000 918 2079 μηθέν,
946 2023 1019 2065 unm
1042 1999 1123 2066 nihil
1145 1999 1233 2066 aliud
1255 2002 1347 2091 apud
1367 2014 1480 2071 ueteres

309 2115 423 2173 λαλεῖν
448 2105 607 2194 significat
629 2126 724 2193 quam
746 2109 901 2186 φλυαρεῖν
920 2118 953 2169 et
972 2106 1099 2172 inanem
1119 2106 1355 2196 loquacitatem
1376 2108 1478 2199 unguit

308 2212 378 2279 lam
410 2210 488 2276 olim
515 2212 541 2276 οί
574 2212 691 2284 ἰδιῶται
723 2222 756 2275 et
781 2210 908 2276 barbari
932 2211 1050 2277 Graece
1073 2212 1291 2305 balbutientes
1311 2225 1479 2305 coeperunt

307 2327 421 2384 λαλεῖν
441 2340 501 2407 pro
518 2316 625 2395 λέγειν
651 2339 803 2407 usurpare
822 2329 855 2383 et
874 2318 1015 2407 magistri
1036 2317 1226 2396 admonent,
1246 2318 1319 2385 sid.
1339 2319 1479 2386 Punrrt·

310 2442 408 2491 cnuti
432 2424 586 2490 Burrum
608 2422 733 2490 Anecd.
757 2449 788 2514 p.
811 2428 875 2503 51,
899 2428 930 2490 3.
978 2422 1169 2489 Suarissime
1190 2425 1223 2488 in
1244 2424 1479 2493 Tuuorntusn

312 2526 488 2598 Characis.
511 2527 580 2593 vll.
596 2529 722 2618 pueruli
743 2528 782 2593 ad
801 2529 963 2619 garrulum
982 2542 1124 2618 patrem:
1144 2528 1298 2605 παππία,
1321 2540 1438 2598 λαλεῖν
1452 2553 1478 2595 τι

249 2625 252 2629 ⁴
308 2637 383 2715 ἡμῖν
413 2634 494 2706 ὅπως
521 2632 560 2698 θον
584 2636 669 2711 ἡμᾶς
695 2631 786 2705 ὕπνος
811 2633 911 2716 λοίβρ.
960 2634 1078 2699 Passim
1102 2636 1384 2728 perperamflsorrdr
1404 2635 1479 2701 otio

307 2738 413 2808 Attica
434 2740 577 2805 oratione
596 2738 742 2828 ponitur,
766 2750 802 2802 ut
825 2742 884 2817 10,
909 2746 948 2818 9,
973 2743 1003 2805 2.
1023 2737 1111 2804 ἕωθεν
1131 2741 1188 2818 μὲν
1209 2738 1260 2803 ε’πί
1280 2734 1378 2819 θθρας
1402 2739 1479 2824 ε’φοί-

307 2868 368 2910 ταν
405 2845 500 2924 μοίλοι
536 2844 667 2918 πολλοί,
707 2844 810 2922 μετα
844 2845 882 2910 δὲ
911 2845 1048 2912 παντοῖοί
1071 2868 1124 2924 μοι
1151 2845 1232 2926 δῶρα
1255 2845 1436 2925 προσήγετο
1453 2856 1480 2912 et

313 2952 371 3027 14,
403 2952 433 3014 9.
461 2956 577 3032 πρῶτον
607 2949 665 3027 μὲν
688 2950 844 3029 τριβώνιον
865 2951 1045 3031 περιβαλῶ,
1068 2950 1173 3035 μετα
1196 2951 1233 3015 δὲ
1254 2958 1362 3016 πονεῖν
1386 2976 1482 3018 κατα·

309 3051 461 3131 raynero
492 3064 523 3118 et
554 3055 612 3131 46,
647 3057 698 3118 ll.
726 3053 762 3118 cl
789 3054 848 3131 μὲν
874 3060 990 3136 πρῶτον
1019 3056 1164 3133 ἰλιγγιῶν
1192 3054 1267 3144 (leg.
1287 3055 1342 3120 καί
1373 3058 1410 3123 τθ
1431 3058 1482 3138 μὲν

309 3162 427 3238 πρῶτον
455 3157 615 3246 ίλιγνίυιν)
647 3159 705 3223 ὑπὸ
739 3163 792 3223 τοῦ
826 3159 961 3238 βοίθους,
992 3159 1097 3238 μετὰ
1122 3161 1162 3225 δὲ
1187 3159 1297 3242 ἔφερον
1322 3161 1379 3227 καί
1399 3167 1482 3228 τοῦτο

309 3263 451 3343 εὐμαρῶς
480 3274 512 3328 et
546 3267 602 3342 13,
627 3269 657 3331 8.
690 3267 749 3346 32,
775 3266 804 3330 8.
840 3269 902 3343 34,
926 3268 957 3332 8.
988 3269 1046 3344 46,
1070 3268 1123 3330 24.
1156 3269 1214 3343 47,
1239 3269 1291 3331 34.
1326 3269 1506 3348 49,1οί,

314 3366 403 3434 alibi.
436 3367 613 3435 Infeliciter
632 3368 808 3436 admodum
827 3370 1005 3438 Bussenius
1019 3372 1052 3437 in
1069 3371 1252 3438 Iilretorum
1262 3384 1485 3467 praeceptore

220 3535 221 3539 ,
312 3477 371 3552 51,
398 3477 448 3542 17.
468 3475 554 3555 μετα
575 3475 605 3541 δέ
625 3475 753 3541 refinxit
773 3476 807 3540 in
824 3478 914 3556 μέτει
935 3477 982 3552 δέ,
1002 3477 1102 3568 idque
1121 3479 1258 3568 recepit,
1276 3479 1333 3544 sed
1352 3482 1484 3547 redemit

311 3577 398 3644 hunc
418 3601 556 3646 errorem
578 3582 661 3648 bona
682 3583 879 3648 correctione
897 3584 931 3648 in
950 3587 1008 3662 71,
1032 3587 1085 3650 20.
1104 3584 1157 3649 καί
1177 3589 1293 3665 πρῶτον
1312 3589 1374 3665 μὲν
1394 3589 1483 3660 αὐτὸς

309 3686 448 3758 αὐλῆσαι
471 3689 622 3771 πονήρως,
642 3688 751 3768 ραετθι
775 3689 813 3754 δὲ
838 3689 1020 3771 παραδόντα
1040 3691 1111 3762 τοὺς
1132 3690 1245 3762 αὐλοὺς
1265 3692 1372 3775 ε’κείνῳ
1397 3695 1449 3773 bi}
1469 3731 1483 3742 ·

308 3790 379 3854 σθαι
411 3794 486 3872 παρ’
519 3795 621 3858 αὐτοῦ
651 3794 686 3858 τὸ
727 3798 857 3877 σκῦτος,
894 3794 1015 3883 optime
1045 3793 1131 3858 enim
1162 3794 1305 3883 reposuit
1333 3800 1423 3876 μετὰ
1452 3798 1483 3864 δὲ

309 3897 478 3976 παραδούς.
530 3897 773 3964 Eiusdemmodi
796 3910 843 3964 est
862 3899 983 3980 κοίρτα,
1009 3899 1094 3988 quod
1115 3900 1252 3988 pessime
1272 3902 1380 3968 serbis
1403 3903 1483 3969 Atti·

310 3998 354 4062 cis
373 3999 523 4064 inseritur
546 4005 604 4078 70,
629 4007 680 4066 24.
702 4003 737 4065 τὸ
758 4001 868 4066 λοίσιον
892 4002 945 4067 καί
967 4001 1070 4083 κοίρτοι
1090 4005 1267 4080 ἕκκεντοῦν,
1288 4020 1345 4073 aut
1367 4014 1429 4085 59,
1457 4013 1483 4075 θ

308 4101 412 4182 αυίρτα
443 4105 475 4166 σθ
504 4107 669 4185 φρενήρης,
698 4104 785 4194 quod
810 4107 881 4195 quis
905 4129 969 4172 non
990 4108 1117 4175 rideat?
1164 4111 1297 4180 Ionibus
1315 4117 1482 4206 proprium

309 4216 356 4270 est
376 4205 532 4295 imprimis
556 4207 789 4298 antiquioribus
807 4211 922 4276 τιθέναι
941 4235 1061 4303 ponere
1082 4216 1137 4280 ubi
1159 4217 1258 4284 Attici
1276 4229 1375 4284 ποιεῖν
1397 4220 1482 4285 dice·

309 4311 387 4377 bant
408 4323 440 4376 et
458 4313 595 4380 τίθεσθαι
618 4316 674 4381 ubi
693 4315 727 4381 hi
747 4318 919 4382 ποιεῖσθαιι
938 4320 1093 4385 κοινωνίαν
1112 4325 1264 4388 ποιεῖσθαι
1286 4324 1365 4400 dicit
1382 4325 1482 4393 Athe·

310 4417 442 4496 niensis,
477 4417 618 4496 ξυνανίνρν
656 4422 793 4487 τίθεσθαι
827 4421 941 4502 Iones,
979 4425 1023 4489 sic
1052 4425 1149 4490 δαῖτα
1188 4428 1342 4506 τίθεσθαι,
1383 4433 1483 4497 θέσθαι

308 4527 446 4606 οίνοριίν,
479 4525 606 4604 θυσίαν,
642 4527 764 4608 ysoni,
799 4541 833 4594 et
860 4531 1004 4604 τίθεσθαιΙ
1029 4532 1152 4606 παῖδα,
1187 4535 1263 4619 υίθν,
1288 4537 1374 4610 θετὸς
1401 4538 1481 4610 vids,

309 4630 389 4701 θέσις
419 4652 477 4720 pro
498 4633 670 4712 ποιεῖσθαι,
697 4634 843 4712 ποιητός,
868 4623 1008 4713 ποίησις,
1034 4649 1066 4702 et
1087 4639 1266 4730 saepissime
1288 4642 1404 4709 redivers
1423 4665 1482 4734 pro

306 4744 424 4811 ποιεῖν,
460 4749 496 4802 ut
521 4736 553 4802 in
576 4738 757 4808 notissimo:
781 4742 807 4808 εί
828 4741 861 4808 δέ
884 4765 939 4821 μιν
962 4744 1126 4825 αίχμντθν
1150 4745 1259 4814 ἔθεσαν
1283 4746 1366 4827 θεοί,
1387 4760 1421 4816 et
1442 4748 1482 4815 de
