3309 5750
554 1255 806 1340 nonnum
830 1253 894 1332 nn
916 1244 1252 1381 cosmonmtn.
1466 1188 1468 1192 ⁸

368 1745 612 1816 Observationes
644 1742 931 1835 Palaeogrepbicae
965 1741 1029 1810 boo
1058 1739 1200 1830 babent,
1239 1750 1290 1829 ut·
1312 1763 1389 1831 quo
1407 1741 1494 1834 ,plora

319 1853 421 1943 legas,
456 1876 495 1919 eo
524 1850 626 1917 maior
646 1862 824 1934 succrescat
841 1850 980 1935 iudiem
999 1844 1222 1937 exemplorum
1242 1846 1367 1936 copis,
1387 1848 1493 1941 quibus

321 1956 410 2049 quod
445 1956 658 2025 observaveris
692 1955 873 2043 stabilietur
911 1967 944 2021 et
975 1954 1203 2031 confirmetur,
1237 1974 1329 2043 quse
1349 1956 1495 2040 sres'tm

320 2060 461 2128 iucunda
490 2073 538 2126 est
565 2083 663 2152 quam
693 2060 799 2141 utilis,
822 2062 898 2151 qnia
920 2061 998 2127 binc
1015 2061 1152 2126 maxime
1169 2058 1376 2128 nascitur'in
1396 2061 1493 2148 euimit

321 2166 470 2234 humanis
489 2166 524 2232 sb
542 2166 760 2244 ἀδαμαντίνως
783 2169 969 2248 πεπεῖσθαι,
993 2190 1058 2257 quo
1078 2166 1133 2257 qui
1151 2176 1239 2231 curet
1258 2166 1352 2233 nihil
1371 2154 1493 2259 magno

320 2295 398 2366 pere
422 2271 454 2338 in
475 2292 679 2362 quacumque
697 2270 868 2363 disciplina
890 2285 945 2339 aut
963 2274 1024 2340 sibi
1041 2273 1185 2365 proderit
1203 2283 1261 2338 aut
1283 2274 1371 2342 aliis.
1419 2277 1493 2343 Bnoa

321 2401 395 2472 pers
422 2400 554 2457 eorum,
587 2401 669 2469 quse
694 2377 895 2469 scripsimus,
920 2378 1103 2445 huiusmodi
1124 2390 1192 2458 est,
1214 2390 1251 2444 ut
1270 2403 1312 2446 ee
1333 2383 1495 2474 unusquis-

322 2507 404 2577 que,
438 2485 495 2575 qui
521 2484 642 2550 discere
674 2484 771 2563 relit,
794 2485 894 2575 possit
912 2483 996 2550 inter
1016 2483 1188 2574 legendum
1207 2484 1304 2551 noris
1324 2485 1493 2554 identidem

322 2590 477 2681 exemplis
503 2602 535 2657 et
563 2591 752 2661 testimoniis
781 2591 925 2670 munire,
958 2602 991 2657 et
1016 2613 1054 2656 ex
1079 2588 1369 2658 emendationibus
1392 2592 1492 2660 nostris

322 2715 420 2760 noras
447 2695 565 2762 elicere
593 2709 625 2762 et
659 2718 770 2762 eruere
798 2718 837 2761 er
870 2696 934 2762 illis
961 2696 1060 2775 locis,
1092 2695 1148 2761 ubi
1167 2694 1254 2761 idern
1281 2696 1405 2764 vitium
1426 2700 1492 2766 latet

321 2799 436 2867 eodem
455 2799 553 2866 modo
572 2812 682 2866 netum
703 2811 735 2865 et
756 2799 868 2867 eadem
887 2812 973 2866 certa
992 2800 1149 2868 medicina
1169 2799 1365 2869 sanandum.
1405 2803 1493 2890 Quam

323 2907 364 2972 sit
392 2905 454 2973 hoc
484 2929 594 2973 rerum
624 2906 690 2996 ipse
719 2906 864 2996 quotidie
890 2908 1045 2997 experior.
1093 2906 1128 2973 Si
1157 2907 1237 2998 quid
1258 2907 1360 2977 datur
1387 2911 1445 2976 otii
1463 2907 1494 2976 sd

322 3009 474 3100 legendos
491 3023 523 3076 et
538 3010 724 3099 relegendos
741 3013 909 3101 scriptores
920 3012 1073 3091 Graecos,
1084 3025 1116 3079 et
1131 3013 1343 3080 excutiendas
1354 3014 1494 3082 codicum

322 3113 496 3193 lectiones,
515 3127 547 3180 et
566 3115 779 3206 inspiciendas
790 3116 976 3207 Principum
988 3116 1178 3184 criticorum
1191 3119 1495 3198 animadversiones,

323 3245 406 3289 nore
436 3242 561 3310 semper
589 3219 694 3285 affluit
718 3219 867 3286 materies
895 3233 950 3286 eut
969 3243 1124 3289 novarum
1146 3222 1430 3307 observationum,
1453 3237 1496 3293 ant

322 3327 543 3419 exemplorum
571 3326 611 3392 ad
638 3337 758 3392 veteres
779 3327 946 3394 ornandas.
993 3327 1068 3395 Non
1088 3329 1162 3395 satis
1182 3340 1251 3407 est,
1275 3330 1303 3396 si
1326 3334 1412 3423 quid
1433 3354 1495 3425 per·

220 3514 223 3520 Ι
322 3436 428 3527 polire
456 3435 552 3515 reiis,
583 3445 635 3514 et,
659 3445 695 3498 ut
719 3433 775 3499 ille
798 3433 944 3514 dicebat,
967 3437 1021 3499 οὐκ
1044 3431 1122 3500 εἶναι
1147 3439 1207 3499 τῶν
1232 3435 1396 3513 ἐμούντων
1417 3436 1496 3505 ent

323 3543 383 3607 τῶν
419 3539 644 3622 ἀκριβούντων,
679 3539 835 3606 chfflo
860 3557 971 3631 parere
1000 3538 1120 3628 optime
1147 3540 1294 3605 monenti
1317 3554 1352 3609 et
1383 3565 1497 3611 nonum

323 3668 469 3738 premere
496 3648 529 3711 in
549 3668 670 3711 annum
689 3645 775 3735 quod
795 3645 890 3713 edere
911 3668 1020 3736 pares,
1044 3667 1119 3708 nam
1138 3643 1206 3709 dies
1224 3643 1313 3712 diem
1335 3648 1452 3729 docet,
1470 3658 1498 3713 et

323 3753 422 3820 etiam
444 3752 471 3817 si
490 3774 600 3818 rerum
620 3762 667 3816 est
688 3762 720 3816 et
743 3762 866 3817 certum
888 3750 976 3841 quod
995 3749 1173 3840 scripseris,
1192 3762 1299 3817 tamen
1323 3776 1497 3847 numquam

324 3859 391 3926 fere
410 3857 460 3924 bis
479 3857 673 3948 argumentis
694 3855 904 3921 demonstrari
923 3867 954 3920 et
973 3853 1125 3944 exemplis
1141 3856 1261 3920 muniri
1274 3869 1403 3946 potest,
1424 3881 1498 3953 quae

324 3986 390 4029 non
419 3961 593 4052 aliquando
623 3959 761 4025 debeant
790 3960 905 4050 corrigi
935 3971 968 4025 et
999 3958 1162 4048 suppleri
1198 3958 1236 4024 ln
1265 3983 1299 4027 re
1331 3963 1499 4031 Oritice'et

324 4065 609 4157 Palaeogrephice‚
642 4065 745 4130 sicubi
775 4065 874 4146 alibi,
903 4065 997 4130 futile
1023 4077 1071 4130 est
1096 4068 1202 4133 omnia
1222 4067 1393 4137 exhaurire
1413 4071 1499 4142 relic.

236 4233 238 4237 .
327 4172 407 4257 Quin
428 4171 507 4237 haec
527 4170 716 4236 doctissimis
733 4193 864 4262 quoque
880 4170 1015 4261 legenda
1032 4183 1065 4236 et
1080 4172 1284 4239 diiudicanda
1302 4176 1500 4249 scribuntur,

325 4278 496 4348 resecanda
526 4291 600 4346 sunt
629 4279 758 4358 omnis,
791 4302 874 4370 quae
905 4278 1022 4344 eruditi
1054 4277 1200 4346 homines
1230 4293 1285 4346 aut
1312 4305 1426 4350 omnes
1449 4293 1501 4348 eut

325 4386 473 4480 plerique
500 4385 622 4452 dudum
647 4398 723 4451 nota
743 4397 775 4452 et
794 4397 960 4477 perspecto
979 4385 1117 4464 habent,
1140 4398 1172 4452 et
1195 4386 1227 4451 in
1246 4390 1404 4479 exemplis
1423 4413 1501 4482 quo·

326 4517 390 4586 qne
421 4492 592 4581 diligenter
618 4490 732 4556 modus
765 4505 812 4556 est
844 4490 1066 4569 adhibendus,
1102 4502 1138 4555 ut
1167 4492 1253 4556 acuti
1281 4507 1314 4558 et
1345 4494 1501 4585 ingeniosi

326 4601 456 4667 iuvenes
474 4597 536 4690 ipsi
554 4596 630 4675 alia,
649 4619 895 4688 nonnumquam
908 4609 941 4662 et
956 4596 1088 4663 meliore
1104 4606 1136 4661 et
1154 4595 1342 4686 insigniora,
1362 4603 1501 4692 reperire

326 4704 449 4796 possint
478 4715 511 4772 et
536 4714 704 4796 propterea
733 4726 798 4771 non
827 4703 1002 4771 illubenter
1029 4702 1230 4792 conquirant.
1278 4701 1363 4771 Sunt
1393 4716 1500 4776 temen
