3309 5750
732 641 789 700 tot

170 813 305 882 ollendit
330 815 363 882 iu
384 813 463 896 ἔφην
486 811 610 891 ἄμεινον
629 811 811 894 σκέψεσθαι
834 812 886 878 τὸν
910 812 1206 883 aledramnum
1229 840 1363 899 orporea·

169 923 345 996 λε’σοοσδμν,
371 920 405 985 in
429 917 452 1007 §
478 924 530 984 55.
556 917 741 984 licostratus
771 916 859 984 dedit
892 917 1041 995 εὔξονσνεε
1075 923 1143 988 καθ’
1167 924 1251 1003 ὑμῶν
1274 925 1365 989 ᾶπεν-

168 1033 281 1102 λοᾶσν,
306 1027 466 1092 berennus
489 1024 596 1088 nescio
619 1042 682 1107 qua
713 1022 753 1089 de
779 1043 877 1090 eausa
900 1022 1041 1100 εὕξεσθοε
1065 1029 1246 1106 revocavit,
1275 1049 1364 1097 nem·

172 1153 233 1220 que
259 1133 292 1196 ni
317 1129 450 1217 perinde
474 1148 543 1194 esse
562 1137 705 1214 putasset
725 1150 788 1195 non
812 1139 878 1194 tam
904 1148 997 1215 saepe
1016 1130 1045 1195 id
1067 1132 1183 1198 vitium
1203 1134 1363 1199 intactum

168 1238 365 1324 reliquisset.
398 1233 580 1300 Particulae
597 1233 635 1299 ᾶν
653 1233 740 1300 aliud
762 1235 942 1321 pericvdum
966 1237 1115 1303 imminet
1136 1257 1155 1304 a
1177 1237 1288 1304 vocula
1308 1240 1362 1316 δή,

169 1363 256 1431 quae
286 1340 467 1408 sexcenties
497 1340 531 1404 in
564 1339 682 1405 unciali
718 1343 880 1426 scriptura
903 1342 974 1406 eius
998 1340 1106 1407 sedem
1130 1344 1298 1429 occupavit
1325 1353 1364 1410 ut

172 1451 211 1515 in·
231 1453 294 1523 30,
320 1451 374 1512 64.
405 1445 503 1525 μόνως
535 1445 599 1526 γὰρ
633 1447 650 1512 3
659 1449 676 1523 t,
710 1445 803 1522 οὕτως
835 1449 988 1529 εὑρεθῆναι
1012 1451 1075 1530 Φὶρς
1102 1448 1259 1524 scientim
1284 1448 1365 1516 nihil

170 1552 264 1620 aliud
287 1559 336 1618 est
359 1554 512 1633 εὑρεθῆναι
536 1571 633 1636 quarn
656 1563 813 1636 repertam
837 1573 921 1629 esse,
944 1552 1124 1638 requiritur
1145 1554 1278 1638 reperiri
1292 1575 1365 1640 pee-

168 1680 227 1726 σοι
252 1657 350 1737 μένος
374 1657 437 1738 νᾶρ
464 1655 504 1722 ᾶν
526 1654 631 1731 οὕτως.
680 1657 780 1743 Saepe
802 1657 867 1739 νᾶρ
897 1657 976 1724 solet
1007 1667 1195 1744 sequentem
1216 1661 1363 1728 voculam

174 1763 367 1837 absorbere,
392 1760 475 1847 quod
500 1770 530 1827 et
561 1763 635 1828 alibi
670 1782 764 1849 saepe
800 1761 922 1828 lactum
949 1773 998 1828 est
1025 1772 1057 1829 et
1082 1769 1146 1842 ts,
1174 1769 1226 1830 oa.
1259 1766 1367 1852 ῥᾳδίως

170 1871 236 1953 γὰρ
261 1869 347 1953 ᾤμην
375 1868 533 1933 διολοθεῖν
565 1888 621 1953 pro
651 1870 716 1950 γὰρ
750 1866 789 1933 ᾶν
820 1867 916 1951 ᾥμνν.
974 1868 1123 1936 Lucrlnus
1149 1890 1169 1937 a
1198 1870 1367 1940 Veteribus

170 1982 335 2042 sumserat
354 1981 523 2039 venustam
548 1972 763 2050 locutionem,
788 1994 852 2059 qua
874 1974 1038 2040 incitatior
1065 1973 1169 2040 lertnr
1191 1975 1364 2045 admoneu-

170 2081 216 2148 tis
244 2080 368 2154 cretio,
393 2075 466 2144 οἶσθ’
487 2075 501 2142 3
526 2079 652 2155 δρᾶσον,
675 2099 772 2164 quam
794 2078 940 2156 librarii,
960 2081 1034 2164 quia
1064 2083 1227 2147 nonsatis
1248 2082 1365 2149 iutelli-

172 2185 308 2270 gebunt,
338 2184 457 2270 ubique
479 2183 577 2250 stulte
599 2184 844 2269 interpolarent.
892 2181 1010 2249 Editur
1038 2205 1123 2251 rrunc
1155 2191 1218 2265 10,
1243 2193 1307 2266 15,
1331 2193 1363 2256 6.

172 2293 251 2358 ἀλλ’
274 2287 360 2358 slede
388 2286 402 2354 3
432 2288 576 2371 δράοενςε
599 2326 644 2337 -
667 2290 720 2355 πνέ
741 2290 794 2354 xxi
818 2286 904 2363 οοῦδις
924 2289 988 2354 πίε.
1024 2293 1085 2365 20,
1107 2295 1160 2357 65.
1184 2289 1258 2358 οἷσθ’
1277 2291 1363 2360 οὖνὸ

173 2394 317 2478 δράσειςς
350 2396 417 2474 ἐμοὶ
441 2397 485 2472 μὴ
507 2393 643 2476 πρόσεχε
667 2398 718 2459 τὸν
743 2400 820 2461 νοῦν.
855 2400 919 2471 tl,
943 2399 1000 2461 62.
1025 2397 1100 2461 ἀλλ’
1124 2392 1197 2462 οἷσθ’
1220 2396 1235 2463 3
1259 2397 1365 2480 δράσο-

170 2525 253 2581 μενε
278 2537 324 2554 -
347 2500 493 2579 εἴπωμεν.
540 2498 719 2566 Emendata
749 2501 909 2587 scriptura
938 2519 976 2566 ex
1007 2519 1071 2566 uuo
1097 2500 1206 2567 codiee
1233 2504 1367 2570 emersit

171 2611 316 2683 tt,1s.
351 2603 424 2672 οἶσθ’
455 2602 470 2671 3
500 2605 672 2688 δρᾶσομενς
710 2607 985 2687 ὑπερβαλώμεθα,
1021 2605 1201 2673 rectissime
1231 2607 1302 2673 uod.
1325 2608 1362 2674 l.

170 2711 332 2795 δράσωμεν
344 2710 429 2797 quod
454 2711 637 2778 licostratus
658 2718 690 2776 et
703 2712 885 2777 bnvnomrus
904 2719 1116 2796 spreverunt,
1137 2713 1257 2798 optime
1277 2733 1362 2780 rece·

170 2819 221 2907 pit
236 2818 421 2896 bertraus,
446 2818 502 2905 qui
526 2825 715 2884 tamennon
736 2818 898 2904 perspexit
922 2815 1053 2903 reliquis
1077 2817 1180 2884 tribus
1201 2817 1280 2886 loeis
1299 2838 1365 2888 me·

171 2924 315 2991 dicinam
340 2922 474 2990 eandem
498 2943 651 3010 apparere
673 2922 865 2989 faciendam.
913 2923 1140 3009 llepouendum
1164 2934 1214 2992 est
1235 2927 1365 3009 δρᾶσον,

172 3030 227 3097 ubi
240 3029 453 3114 imperativus
471 3030 637 3115 sequitur,
659 3027 707 3095 vel
720 3029 918 3094 coniunctivi
931 3028 1070 3094 secunda
1085 3050 1218 3116 persona
1229 3083 1239 3109 ‚
1250 3031 1365 3116 dpere-

171 3160 253 3215 μεν,
279 3133 332 3200 ubi
353 3133 549 3200 coniunctivi
574 3136 689 3221 prima.
737 3133 902 3214 Quomodo
922 3144 955 3199 et
987 3135 1144 3219 aquilius
1168 3137 1290 3204 dietum
1321 3140 1365 3206 sit

171 3237 248 3309 olet*
281 3235 295 3305 3
326 3239 457 3320 δρᾶσον,
486 3235 559 3304 οἷσθ’
591 3236 637 3305 ἕπε
668 3241 791 3314 ποίησον
817 3247 850 3304 et
882 3239 1001 3304 similia
1022 3238 1202 3307 luculenter
1224 3244 1367 3312 ostendit

174 3345 310 3413 lloumus
337 3343 376 3408 ad
403 3343 536 3410 Grecos.
558 3344 701 3410 Conrnru.
726 3364 757 3430 p.
783 3326 823 3410 18Ι
848 3364 894 3430 sq.
919 3343 995 3409 edit.
1019 3343 1145 3411 Sennea.
1171 3346 1301 3413 Videbis
1319 3350 1364 3416 ibi

173 3449 342 3517 Graeculis
365 3449 490 3535 placere
513 3450 635 3532 δρᾶσον,
661 3450 784 3524 ποίησον
808 3458 871 3514 eet.
918 3449 1018 3515 Attice
1037 3450 1111 3535 poni
1134 3471 1191 3536 pro
1225 3454 1366 3536 δράσεις,

172 3559 311 3634 πονήσεις
335 3566 395 3622 eet.
444 3552 513 3620 Noli
546 3553 647 3638 igitur
672 3555 804 3631 ruinani,
836 3553 921 3639 quod
944 3575 983 3620 er
1015 3554 1074 3620 bae
1106 3557 1254 3641 opinione
1281 3559 1366 3627 locos

174 3670 321 3729 velerum
346 3660 581 3747 interpolarent
601 3660 720 3745 passim
744 3660 934 3746 imperativo
951 3660 1096 3727 loturum
1117 3660 1366 3735 substituentes,

172 3787 370 3853 quamquam
396 3764 572 3833 absurdum
596 3774 644 3831 est
666 3764 773 3831 dicere
792 3762 866 3831 οἶσθ’
887 3763 900 3831 3
925 3767 1045 3850 δρᾶσενς
1066 3788 1123 3854 pro
1139 3768 1204 3833 scin
1217 3770 1293 3855 quid
1310 3771 1367 3837 tibi

172 3873 355 3963 faciendum
375 3873 537 3938 censeam?
559 3870 614 3936 sed
637 3868 860 3937 animadverso
882 3892 994 3938 eorum
1014 3893 1122 3940 errore
1145 3882 1180 3940 et
1202 3877 1364 3944 temerita-

174 3988 228 4054 te.
248 3977 335 4064 quod
358 3977 413 4043 isti
438 3985 652 4062 corruperunt
675 3975 875 4042 confidenter
894 3979 1031 4045 restitue
1051 3988 1083 4044 et
1104 3980 1212 4062 δρᾶσον
1235 3982 1365 4069 quidem

173 4104 235 4170 pro
255 4083 399 4165 δροὶσεες,
421 4084 544 4157 ποίησον
568 4101 626 4167 pro
648 4082 785 4157 πονήσεις
810 4082 874 4147 lant
898 4102 992 4170 saepe
1013 4095 1161 4153 revocata
1181 4096 1280 4166 suut,
1301 4089 1368 4159 vid.

175 4188 273 4255 licen
309 4187 331 4254 l.
358 4188 378 4253 l.
408 4189 535 4253 l‘oason.
560 4186 600 4251 ad
622 4185 741 4253 lleeeb.
770 4207 816 4250 vs.
838 4190 913 4252 235.
963 4188 1115 4257 Sollerter
1141 4193 1311 4261 llurrsrerus
1335 4195 1368 4260 in

174 4294 335 4361 Eumrmvs
354 4293 461 4358 Medea
481 4312 526 4355 vs.
547 4294 635 4357 600:

400 4396 472 4465 οἷσθ’
496 4400 534 4470 ὥς
558 4394 694 4479 μεπεύξρ
718 4398 770 4462 nat
794 4398 957 4480 σοφωτέροο
980 4405 1086 4481 Φρονεῖ.

175 4503 358 4571 emendavit
389 4502 461 4570 οἶσθ’
490 4506 528 4576 ὡς
557 4501 720 4582 elaeatae
778 4504 914 4568 Prorsus
949 4503 1059 4571 eodem
1093 4505 1186 4572 modo
1219 4508 1368 4574 brennus

176 4612 352 4697 scripserat
375 4616 414 4688 8,
440 4612 500 4686 δᾶ,
526 4612 556 4675 4.
584 4607 640 4674 ubi
671 4607 797 4674 librarii
818 4608 989 4694 antiquum
1015 4610 1160 4676 obtinent
1180 4621 1212 4677 et
1234 4615 1369 4701 impera·

176 4715 242 4780 tivo
277 4716 479 4783 substituunt
514 4713 686 4791 futurum,
714 4713 810 4799 idque
841 4713 995 4782 barbarae
1020 4714 1163 4782 lormae:
1190 4714 1263 4783 οἷσθ’
1295 4717 1367 4799 οὖν,
