3309 5750
729 653 792 717 201

168 847 274 939 ponit,
290 838 656 928 σκίλνςτετριοσκελνίς,
685 846 751 921 δίος
774 847 884 922 ἀδεής,
902 847 999 921 ’κλέος
1017 841 1163 926 adstatis,
1185 850 1248 916 alia
1271 874 1342 917 sex·

168 968 274 1022 oanta:
300 951 373 1021 mox
394 954 512 1044 legitur
530 955 646 1026 λεττὸς
669 951 757 1032 atyn
778 962 843 1020 τοῖν
867 961 1007 1031 σκελοῖν,
1031 953 1138 1019 nescio
1159 955 1245 1022 unde
1262 956 1343 1023 haec

166 1062 265 1128 lectio
292 1073 366 1127 nata
395 1061 506 1138 luerit,
539 1060 594 1127 sed
623 1081 719 1125 nemo
745 1081 898 1149 umquam
925 1058 1017 1125 aliter
1037 1081 1133 1149 quam
1158 1065 1273 1135 λεπτὸς
1298 1066 1341 1129 τὼ

169 1167 266 1243 σκέλη
293 1167 398 1258 potuit
425 1166 542 1233 dicere.
580 1165 628 1250 ¹In
647 1168 668 1251 §
691 1171 720 1230 3.
746 1166 930 1245 Αίρυττίοις
960 1166 1150 1232 emendetur
1175 1167 1209 1231 in
1239 1171 1342 1248 Alya-

167 1273 289 1348 ττίσις,
308 1297 373 1339 non
395 1286 442 1340 est
461 1274 548 1339 enim
566 1272 629 1338 alia
647 1272 766 1339 Graeoa
787 1270 955 1349 nobilitas,
972 1271 1034 1336 alia
1052 1272 1264 1364 Aegyptiace,
1284 1276 1340 1342 sed

167 1376 229 1443 alia
250 1392 325 1445 sunt
343 1380 413 1446 aliis
432 1380 592 1458 εὐμενείας
609 1388 741 1457 σημεῖοι
762 1376 883 1442 lumin
904 1376 1008 1443 verbis
1027 1379 1251 1459 ἀναδουμένους
1267 1405 1341 1463 κρυ·

166 1481 266 1563 βόλον
291 1487 349 1552 tat
371 1486 496 1564 τέττιγι
513 1486 620 1566 χρυσῷ
639 1484 883 1563 ἀνειλημμένον,
909 1482 1045 1550 solemni
1065 1507 1172 1551 errore
1190 1488 1342 1567 ἀνειλημ-

165 1589 256 1667 μένον
271 1590 430 1660 dedernnt
448 1591 727 1682 ριοάνειλνμίνον,
743 1591 847 1657 crinea
864 1591 897 1655 in
913 1591 1035 1658 nodum
1052 1594 1342 1684 retorquebantur,

165 1695 354 1765 ἀνειλοῦντο.
404 1697 442 1763 In
463 1701 480 1784 §
504 1700 555 1764 19.
580 1698 705 1762 ἕτειδίιν
731 1699 774 1768 είς
801 1695 836 1761 σὲ
860 1696 999 1780 τάρέλθρ
1019 1700 1038 1773 ἡ·
1058 1701 1156 1780 εὐχή,
1182 1697 1341 1789 quidquid

165 1797 204 1864 lit
223 1822 282 1890 per
303 1803 386 1869 vices
405 1803 523 1869 dicitur
539 1801 685 1882 τεριιένιιι
702 1813 734 1867 et
754 1797 979 1892 corrigendum
996 1804 1150 1887 τεριέλθρ.
1183 1804 1341 1870 llnttono·

165 1922 224 1973 tus
256 1906 309 1973 Vl.
332 1912 406 1975 lll.
440 1911 478 1981 ὥς
510 1908 542 1973 δὲ
571 1908 601 1979 ἐς
627 1908 740 1972 ἐκεῖνον
772 1910 917 1988 περιῆλθε
946 1910 1178 1990 ἧτρυτοιννῖν,
1213 1910 1245 1975 id
1274 1922 1340 1990 est,
1383 1990 1386 1999 Ι

166 2016 371 2093 τεριελθοῦσοι
397 2011 485 2090 ἧκεν,
516 2023 548 2079 et
578 2012 623 2077 sio
652 2011 824 2078 Luctanns
843 2012 909 2103 ipse
930 2012 1075 2103 loquitur
1101 2017 1158 2093 10,
1182 2018 1238 2094 ll,
1260 2019 1290 2083 2.
1313 2021 1339 2084 οῖ

166 2125 271 2198 κλῆροι
292 2120 334 2193 είς
354 2119 504 2199 Εὐνόμιον
529 2118 580 2185 xxi
604 2119 796 2199 Θριισυκλθιι
819 2120 990 2200 περιῆλθον.
1016 2132 1049 2186 et
1069 2124 1127 2200 70,
1149 2124 1180 2188 2.
1204 2120 1280 2188 ίτοιν
1298 2125 1342 2197 είς

164 2224 279 2291 ἐκεῖνον
303 2227 321 2300 ἡ
345 2226 429 2306 ἀρχὴ
453 2222 596 2306 τεριὲλθρ
613 2233 647 2287 et
668 2223 737 2289 altis
758 2223 848 2289 loeis.
896 2223 934 2289 ln
957 2228 1049 2311 520.
1072 2229 1116 2293 τίι
1136 2228 1205 2310 napi
1224 2230 1260 2293 τὸ
1278 2227 1343 2297 ἀςυ

165 2326 278 2393 τάντοο
308 2329 587 2405 θνησάμνρντλίρν
622 2326 683 2392 ὅσοι
701 2323 836 2406 ΪἸσθμοῖ
869 2329 922 2392 κιο)
952 2330 1058 2397 Πυθοῖ.
1094 2330 1231 2397 ridioula
1263 2331 1342 2397 haee

166 2433 265 2501 lectio
286 2431 366 2498 nihil
385 2432 481 2497 habet
501 2432 534 2498 in
554 2432 643 2498 libris
663 2431 828 2523 praesidii,
848 2433 1015 2523 inquibus
1034 2448 1083 2501 est
1101 2434 1160 2501 ἕσσο
1175 2438 1227 2501 nal
1243 2441 1340 2512 λιθοῖ,
1420 2466 1423 2470 ’

165 2535 226 2606 ὅσοι
247 2539 340 2618 θύμον
363 2538 417 2603 nal
441 2538 529 2603 λίθοι.
578 2538 757 2604 Btttttttttns
783 2536 872 2603 dedit
903 2540 944 2607 de
965 2562 1022 2606 suo
1045 2538 1105 2606 ίσοι
1129 2540 1259 2622 ψάμμοι
1287 2544 1340 2610 xxi

166 2644 255 2710 λίθοι.
279 2641 451 2708 Sanisaima
474 2636 716 2708 videtur-lectio
731 2640 887 2709 Codicum
909 2654 976 2709 MA
992 2642 1052 2710 ίσιι
1068 2642 1161 2724 θιίμον
1179 2645 1232 2710 sal
1253 2645 1341 2714 λίθοι.

166 2749 353 2816 Plam'ta‘em
380 2770 549 2814 amoenam
576 2761 607 2815 et
633 2772 697 2814 non
718 2750 857 2816 sterilem
880 2763 1023 2817 emturos
1043 2763 1109 2817 erat
1132 2749 1342 2834 Adimantus,

165 2867 295 2926 montes
316 2879 380 2922 non
401 2868 491 2924 onrat
510 2856 644 2937 habere,
667 2868 834 2949 poteratne
853 2857 952 2948 igitur
971 2857 1100 2925 suavius
1121 2857 1228 2924 dicere
1244 2882 1341 2953 quam

165 2965 251 3039 τλίιν
279 2959 453 3042 ίσιιθθμον
475 2963 528 3029 κιο)
559 2964 660 3030 λίθοιί
692 2987 766 3030 moa
785 2986 845 3056 pao
865 2965 918 3030 xxi
936 2958 974 3030 ’ἐν
1002 2968 1158 3030 Ἐλευσῖνι
1189 2965 1259 3058 lege
1287 2969 1341 3035 ιιιιί

164 3074 344 3143 Ἐλευσῖνι,
378 3080 414 3134 ut
442 3071 626 3150 Μοιριιθιῖνι,
659 3063 862 3151 Ῥαμνοῦντι,
896 3073 1044 3146 Σικυῶνι,
1077 3093 1162 3162 qnae
1178 3072 1341 3140 adverbia

166 3186 241 3242 sunt
263 3173 350 3239 haud
371 3195 460 3241 secus
480 3185 577 3264 atque
605 3181 768 3259 Σφηττοῖ,
794 3177 929 3255 Ἰσθμοῖ,
958 3174 1049 3251 οίκοι,
1078 3179 1189 3253 Πυθοῖ,
1213 3180 1342 3255 Ἀθήνη-

165 3302 215 3352 σι,
258 3279 418 3358 Θήβησιν,
452 3279 688 3361 Ὀλυμπίασιν,
731 3302 815 3371 quae
843 3304 909 3346 non
939 3279 1039 3370 magis
1071 3282 1341 3371 praepositionem

165 3384 342 3450 admittunt
371 3404 468 3473 quam
499 3386 684 3464 Μοιριιθῶυι,
720 3388 905 3463 ’Λρνοῦντμ
939 3385 1010 3451 alia.
1063 3385 1216 3451 Librariis
1250 3388 1344 3454 aliter

165 3493 288 3570 visum,
317 3490 373 3580 qui
394 3489 510 3580 passim
530 3490 560 3554 ἐν
582 3488 623 3555 de
645 3512 702 3554 suo
721 3489 906 3555 inleroiunt.
954 3488 1144 3581 Saepissime
1160 3491 1342 3589 'videbisin

165 3597 257 3666 tibris
274 3600 431 3665 Ἐλευσῖνι
451 3606 483 3660 e't
503 3595 533 3658 ἕν
557 3596 712 3660 Ἐλευσῖνι
735 3595 909 3669 alternare,
932 3598 1101 3677 Μιιριοθοῖνι
1123 3601 1162 3663 el'
1175 3599 1342 3680 θνΜ-ιιριι·

165 3705 248 3779 θοῖνι,
275 3694 401 3768 similia.
445 3699 486 3766 'ln
511 3699 691 3789 Equa'tibua
713 3725 756 3768 vs.
778 3706 854 3770 778.

232 3809 271 3874 σὺ
296 3808 359 3890 μάρ
381 3805 422 3880 ta·
437 3809 570 3883 Μήδοισι
594 3808 755 3891 διεξιφίσω
780 3808 848 3889 περὶ
872 3814 929 3882 τῆς
952 3809 1059 3890 χθριις
1080 3811 1249 3890 anapaesto
1260 3859 1270 3888 ,

165 3914 306 4006 optimus
319 3913 426 3981 Codex
438 3916 622 3981 Ravennae
637 3917 668 3979 ἐν
681 3916 840 3995 μοιροιθῶνι
857 3913 1011 4004 scriptum
1029 3912 1140 3994 habet,
1155 3924 1188 3980 et
1199 3918 1343 3983 vs.l33l.

166 4066 169 4073 -
208 4028 291 4103 ,τῆς
315 4022 379 4102 γάρ
403 4021 522 4093 τίλευς
547 4020 624 4098 ἀξιον
647 4018 797 4101 τράττεις
821 4020 874 4085 nal
899 4026 954 4085 τοῦ
973 4022 1140 4102 Μοριιθοῖνι
1160 4022 1319 4102 τροτοοίου.

166 4127 351 4196 Ravennae
373 4127 470 4193 habet
489 4128 747 4207 τοῦμμοοριιθιῖνι,
775 4126 927 4191 Venetus
947 4131 1001 4191 τοῦ
1017 4129 1043 4190 ’ν
1058 4128 1233 4208 μοιροιθιῖνι,
1255 4128 1344 4194 simi·

165 4233 240 4302 liter
263 4233 297 4298 in
318 4233 358 4298 V
355 4237 463 4325 eopia,
486 4254 532 4298 vs.
554 4234 629 4297 711.
679 4228 750 4313 Quo
777 4231 847 4296 iure
879 4232 1131 4298 alamannos
1156 4233 1343 4301 emendatus

165 4352 233 4421 est,
255 4338 370 4406 eodem
402 4340 436 4404 in
468 4359 578 4403 omnes
607 4335 763 4401 utendum
794 4349 826 4403 et
851 4339 882 4401 ἐν
904 4340 1091 4421 Μορσθοῖνι,
1113 4340 1144 4402 ε’ν
1163 4341 1339 4416 Ἐλευσῖνι,

118 4472 120 4477 ’
164 4445 300 4526 similia,
333 4446 472 4537 primum
494 4444 525 4508 in
551 4442 725 4508 Atticorum
747 4441 892 4532 scriptis,
925 4439 1042 4506 deinde
1064 4441 1096 4506 in
1122 4431 1341 4510 Attioistarum

165 4549 204 4617 ad
235 4538 376 4618 ¹veterem
404 4549 560 4641 loquendi
589 4571 681 4614 usum
713 4549 834 4638 ubique
857 4545 1039 4639 refingenda
1062 4560 1143 4615 sunt.
1190 4548 1229 4614 In
1251 4551 1268 4634 §
1289 4553 1342 4617 22.

166 4654 254 4728 ε’σθίις
277 4655 445 4739 ἀλουρμίς,
470 4657 541 4746 lega
560 4655 728 4736 ἀλουθθίς.
751 4655 901 4736 ἀλουργίς
921 4654 1155 4723 substantivum
1172 4666 1235 4732 est,
1255 4654 1343 4745 quod

165 4757 325 4850 signifieat
344 4762 483 4843 ἁλουργεῖ
503 4763 630 4836 ἐσθῆτοο.
681 4760 717 4825 ln
740 4763 757 4846 §
780 4765 832 4829 28.
855 4763 894 4834 τίς
919 4761 1039 4829 ἐκείνων
1060 4764 1136 4847 ιτρδςΙ
1158 4762 1241 4828 οὐδὲν
1265 4762 1343 4825 ἀνιι·

307 4875 315 4890 ’
366 4889 368 4891 ’
1116 4879 1144 4917 ld
