3309 5750
761 641 812 701 ’85

192 815 300 898 θμθθεν
332 827 426 880 snam
451 810 600 900 qnodque
632 818 754 876 certam
785 811 893 879 sedem
917 810 1057 890 liabent,
1090 821 1126 878 nt
1151 816 1182 881 ἐν
1199 820 1323 900 reond,
1353 820 1384 895 lc

192 921 310 990 ταντθν
339 928 373 987 ct
408 920 444 984 ἐκ
474 922 612 995 ταοτοῖν,
641 935 723 1003 quae
755 937 887 1003 prorsus
919 917 1003 983 idem
1034 918 1227 1003 significant.
1274 923 1387 1011 Itaque

193 1030 272 1096 ῖέναν
293 1035 326 1094 et
347 1032 461 1107 χωρεῖν
484 1023 578 1103 ὁμόσε
603 1022 755 1089 Graecum
774 1031 845 1100 est,
875 1023 929 1089 sed
957 1026 1033 1104 ὁμοῦ
1064 1021 1141 1090 εἶναι
1166 1035 1196 1092 et
1225 1029 1388 1116 corrigen-

195 1133 274 1201 d'um
293 1134 370 1213 θροῦ
393 1128 476 1197 ῶτιν.
524 1128 666 1196 Subinde
689 1137 845 1216 apparent
868 1131 1064 1217 composita,
1086 1130 1181 1216 quale
1208 1141 1257 1198 est
1284 1150 1388 1202 αεντο·

194 1243 384 1324 ψυχοῢντα,
417 1243 478 1313 10,
504 1240 568 1310 lt,
598 1240 629 1300 o.
662 1232 861 1311 λειποταξίου
886 1240 950 1313 17,
985 1241 1048 1312 15,
1077 1237 1240 1312 meleducac
1267 1243 1329 1315 16,
1354 1247 1387 1308 5.

193 1345 295 1414 Nemo
325 1341 487 1430 improbat
519 1344 660 1417 10,11,
698 1343 751 1405 11.
781 1342 997 1423 νεκροδοχεῖα,
1020 1341 1230 1423 ἑμβρνοδθχον
1263 1348 1328 1419 54,
1353 1349 1386 1412 6.

193 1448 396 1534 ψυχροδόχον
419 1452 484 1524 55,
505 1451 536 1512 ῖ.
559 1445 758 1527 ἐξενοδθχντε
779 1446 840 1523 58,
863 1451 915 1513 47.
941 1444 1069 1511 similia.

243 1556 288 1621 lit
310 1552 396 1640 apud
421 1553 649 1629 Ancrruuounn,
671 1551 717 1615 sic
749 1551 834 1637 apud
861 1552 1019 1619 Lucrinus
1044 1551 1213 1636 aliquoties
1237 1552 1388 1624 conlnsae

199 1667 279 1726 sunt
310 1657 431 1724 formae
452 1657 597 1724 dualium
618 1664 651 1722 et
674 1675 768 1742 saepe
792 1665 863 1723 ταῖν
891 1659 974 1723 θεαῖν
1006 1656 1144 1742 legitur,
1170 1660 1297 1745 saepius
1313 1668 1388 1728 ταῖν

196 1771 303 1848 χεροῖν
323 1771 356 1830 et
379 1763 545 1830 similiter:
569 1763 709 1848 turpiter
730 1768 796 1837 tl,
822 1765 854 1828 6.
873 1763 925 1829 δύο
956 1761 1019 1845 aaa
1044 1764 1111 1833 ε’ςον
1134 1763 1234 1853 (tta),
1257 1757 1292 1830 αἳ
1315 1767 1388 1849 πρὸς

195 1872 254 1947 τὴν
285 1870 441 1955 ῥητορικὴν
464 1867 599 1949 ἄγετον,
623 1868 677 1934 ubi
698 1867 721 1933 θ
743 1889 800 1954 pro
823 1865 863 1934 αῖ
879 1867 1126 1935 emendandum.
1173 1870 1268 1935 Peius
1290 1873 1388 1938 etiam

196 1976 328 2042 ltaltilus
349 1983 400 2041 est
426 1973 597 2049 tocus1t5‚
627 1976 681 2039 10.
714 1978 758 2053 μὴ
794 1975 899 2056 δεαθρεν
924 1976 965 2039 τὼ
988 1974 1112 2056 τέχνα,
1138 1975 1199 2054 μία
1234 1975 1297 2059 γάρ
1320 1979 1389 2048 θεον

194 2081 243 2148 td·
261 2077 339 2148 εἶναι
366 2081 532 2157 δοκοῦσαι,
568 2081 601 2145 in
631 2078 743 2144 multis
778 2079 871 2145 libris
900 2082 942 2145 τθ
970 2082 1087 2158 evasit,
1118 2083 1149 2145 in
1179 2083 1315 2149 caeteris
1343 2083 1388 2150 τὸ

195 2187 299 2268 τέχνα
325 2193 396 2264 est,
426 2186 462 2250 in
496 2205 560 2270 quo
594 2183 682 2250 irans
714 2192 868 2262 tenetur,
904 2192 936 2252 at
967 2186 1105 2252 δοκοῦντε
1137 2188 1276 2265 interiit,
1303 2187 1389 2275 quod

201 2291 293 2377 prius
307 2291 341 2356 in
363 2290 495 2358 δοκοθοα
508 2289 596 2364 abiit,
619 2289 703 2357 unde
726 2292 867 2357 δοκοῦσαν
889 2298 1012 2356 natum.
1039 2292 1184 2357 Tertium
1205 2293 1388 2380 exemplum

202 2401 253 2462 eal
270 2399 333 2474 tl,
361 2401 416 2464 25.
437 2395 491 2460 ubl
513 2398 627 2460 αὐταῖν
652 2398 794 2461 occurrit
815 2417 872 2482 pro
891 2399 1006 2461 αὐτοῖν.

241 2503 349 2585 Εὑρεῖν
369 2511 402 2569 et
422 2501 559 2582 εὑρέσθαι
581 2502 740 2586 permixta
763 2509 841 2566 sum
871 2508 903 2565 et
924 2500 999 2566 alilri
1024 2508 1057 2566 et
1082 2506 1146 2580 68,
1173 2507 1223 2569 16.
1247 2502 1301 2568 nbi
1320 2500 1389 2587 εὗρε

194 2607 235 2674 τθ
257 2607 292 2672 in
322 2605 426 2690 εὕρετο
458 2613 558 2672 cocat.
607 2608 695 2692 Quae
719 2606 863 2672 diximus
894 2604 1069 2672 deformis
1098 2609 1129 2672 in
1165 2633 1227 2687 -μα
1250 2608 1388 2695 penulti-

166 2701 169 2706 ’
195 2731 284 2779 mam
304 2711 390 2799 apud
414 2718 537 2777 veteres
561 2710 811 2797 producentibus
838 2720 981 2796 arguunt
1008 2731 1149 2778 errorem
1184 2715 1216 2778 in
1240 2714 1389 2796 θρθματα

196 2821 260 2895 m,
287 2822 318 2884 1.
344 2819 406 2897 ἐγὼ
435 2817 466 2883 δὲ
497 2818 658 2899 masiaco
687 2818 730 2884 τα
759 2816 928 2900 αρθματα,
953 2836 1049 2904 quam
1078 2817 1283 2887 deterrimam
1308 2820 1388 2888 scri·

197 2930 332 3011 pinnam
372 2923 496 3009 primus
533 2924 656 2989 invexit
687 2923 900 2999 incoenatus,
932 2943 1027 3009 quem
1059 2924 1218 2992 Beursuus
1245 2928 1392 3014 sequitur

196 3048 303 3116 neque
335 3028 515 3114 analogiam
552 3030 701 3095 Graecam
731 3030 906 3115 respiciens
934 3048 1038 3116 nequa
1070 3050 1164 3097 usum
1195 3031 1388 3112 Atticorum,

197 3154 296 3222 quem
321 3135 448 3220 apernit
473 3134 710 3200 Grammaticus
732 3135 765 3198 in
787 3135 888 3220 ipsius
913 3135 1026 3201 Aoccd.
1053 3136 1077 3201 1.
1090 3157 1120 3222 p.
1136 3142 1218 3213 450,
1239 3143 1292 3204 11.
1314 3140 1390 3221 aaa·

195 3262 311 3321 ματαε
335 3243 369 3305 οὑ
399 3239 442 3305 τοὶ
474 3239 661 3319 θυμιάματα
689 3239 780 3303 ἀλλὰ
807 3240 849 3304 τοὶ
873 3240 1064 3321 ἐσπαρμένα.
1090 3241 1153 3306 vid.
1178 3243 1283 3310 Antsr.
1312 3243 1388 3311 Pae.

200 3350 310 3423 11118,
348 3344 403 3409 ubi
436 3345 468 3408 in
500 3343 630 3409 scholiis
664 3352 713 3408 est
743 3342 911 3424 τοὶρθματα
941 3344 1169 3411 Graeculorum
1202 3366 1312 3424 inore,
1332 3350 1389 3434 qui

196 3452 309 3532 τόμοι,
335 3450 439 3529 δόμα,
459 3447 592 3531 εὕρεμα,
616 3446 754 3526 ἄνθεμα,
777 3447 894 3527 ἔνδυμα
916 3447 1019 3515 media
1038 3449 1128 3515 brevi
1150 3449 1299 3516 dicebant
1321 3472 1388 3518 om·

196 3576 257 3624 nes
281 3567 314 3623 et
337 3557 369 3620 in
390 3553 477 3621 hunc
503 3554 633 3620 modum
654 3553 904 3639 corrumpebant
927 3553 1122 3640 exemplaria
1140 3563 1304 3630 veterum,
1332 3559 1388 3643 qui

196 3662 300 3746 ἄροσις
327 3659 475 3726 dicebant
498 3669 528 3727 el
554 3662 663 3742 οὶροτθρ
695 3657 749 3724 sed
779 3657 913 3740 ἄρωμα,
941 3669 976 3725 ul
1000 3660 1110 3735 τόσος,
1134 3661 1243 3738 τοτθν,
1267 3663 1388 3742 acard-

195 3794 254 3844 της
279 3766 334 3834 sed
364 3773 482 3844 τῶμα,
506 3785 701 3852 quamquam
728 3784 814 3830 nuno
849 3765 993 3852 plerique
1025 3785 1136 3832 omnus
1164 3767 1255 3846 τθμα
1286 3770 1390 3836 eoacti

197 3881 275 3938 sunt
299 3871 417 3937 dicere.
467 3870 512 3937 Ne
546 3871 700 3936 Lourinon
731 3870 862 3956 quidem
886 3881 919 3938 et
947 3872 1096 3958 aequales
1123 3873 1156 3937 in
1181 3894 1217 3940 ea
1242 3894 1278 3940 re
1302 3874 1390 3943 dese-

196 3979 304 4044 ruisse
325 3977 532 4062 antiquorum
558 3978 783 4043 auctoritatem
800 3976 925 4043 docebit
950 3980 1171 4064 paronomasia
1195 3986 1257 4059 34,
1281 3985 1337 4050 10.
1354 3982 1389 4047 in

196 4089 296 4163 πῶμα
316 4091 349 4148 et
376 4088 503 4159 πτῶμα.
551 4081 642 4146 Alius
661 4101 751 4147 error
779 4083 810 4146 in
836 4103 871 4148 re
894 4083 1004 4150 eadem
1030 4087 1247 4153 committitur
1271 4093 1333 4168 le,
1357 4094 1386 4155 1.

197 4189 232 4254 in
250 4195 398 4269 χρῖσμα,
423 4190 456 4252 in
477 4206 539 4273 quo
568 4196 659 4251 vetus
681 4187 847 4252 Graecitas
866 4197 897 4253 et
918 4191 1043 4255 novicia
1065 4191 1265 4269 miscentur,
1288 4195 1392 4276 salzpu-

198 4294 385 4374 permedia
410 4293 504 4379 longa
532 4293 700 4377 antiquum
722 4301 788 4367 est,
815 4294 985 4374 αέχρνομαι
1009 4306 1156 4382 correpta
1186 4299 1286 4366 vocali
1304 4300 1392 4365 nori-

197 4400 308 4473 cium,
334 4399 443 4484 itaque
461 4408 566 4481 χρῖμα
590 4407 734 4476 veteres,
764 4399 889 4480 χρίσμα
912 4399 1061 4465 dicebant
1082 4404 1245 4488 sequioree
1273 4413 1305 4471 et
1321 4413 1391 4486 χρῖ-

198 4529 270 4583 σμα
292 4503 371 4568 nihil
395 4513 454 4571 est.
503 4505 671 4571 Caeterum
689 4505 721 4570 in
745 4512 940 4569 accentuum
962 4506 1085 4573 ratione
1110 4511 1235 4574 Lucrini
1254 4508 1393 4575 editores

201 4608 282 4673 nihil
311 4629 503 4695 magnopere
537 4619 727 4676 erraverunt
752 4608 838 4696 quod
870 4609 912 4673 sit
946 4629 1060 4695 operae
1088 4614 1229 4700 pretium
1252 4612 1389 4680 relerre:

199 4714 401 4800 saepiuscule
444 4723 620 4802 peccarunt
651 4716 846 4802 negligentia
870 4713 1023 4782 adversus
1049 4736 1103 4796 ca,
1135 4737 1216 4804 quae
1241 4719 1301 4804 ipsi
1329 4739 1391 4786 non
