3309 5750
729 640 794 702 363

167 858 278 915 νομαι,
314 834 405 900 cuius
435 834 566 900 unicum
593 832 776 923 exemplum
801 844 851 897 est
882 829 969 922 apud
998 828 1190 899 bleranus!
1219 836 1346 902 Arnas.

167 938 224 1010 IV.
248 967 279 1032 p.
306 942 378 1007 136.
403 960 434 1009 n.
1200 932 1203 940 ¹

614 1046 649 1111 τὸ
674 1044 706 1111 δέ
730 1048 764 1124 γ’
786 1043 945 1126 ἀμβροσία
969 1067 1020 1123 μοι
1045 1043 1145 1123 ἔδοξεν

367 1150 432 1234 εἶν’,
456 1152 491 1228 ἣν
515 1152 653 1218 δαίονται
678 1149 821 1232 μάκαρες
845 1148 904 1215 θεοὶ
930 1150 996 1214 αἰὲν
1020 1149 1141 1231 ἐόντες,

167 1268 200 1322 at
228 1270 264 1325 tu
295 1258 416 1349 corrige
448 1257 619 1323 δαίνυνται.
671 1252 757 1319 illud
788 1254 876 1320 enim
906 1253 1066 1343 significat
1093 1257 1344 1341 διαμερίζονται,

160 1369 377 1457 partiuntur.
402 1364 559 1455 corrupta
577 1362 740 1428 Husrcnn
756 1362 860 1451 glossa
877 1372 925 1425 est
941 1363 1224 1432 καταδέδαταιε
1242 1385 1345 1427 κατα-

164 1470 345 1552 βέβρωται,
370 1472 637 1553 καταμεμέριςαι.
675 1468 854 1536 Geniundit
874 1467 960 1532 enim
979 1469 1185 1544 κατεδήδεςαι
1199 1480 1346 1534 σῐνατα-

165 1573 306 1643 δέδαςαι.
353 1578 593 1656 Κατεδήδεσμαι
628 1586 661 1641 et
685 1573 877 1651 κατηδέσέην
897 1572 1095 1663 respondent
1114 1572 1201 1664 apud
1222 1584 1344 1639 veteres
1408 1627 1412 1636 .

166 1676 277 1744 formis
296 1681 406 1748 activis
426 1683 619 1757 κατεδήδοκα
635 1691 668 1746 et
683 1680 887 1761 κατέφαγονε
909 1679 1071 1769 sequiores
1088 1677 1342 1759 καταβέβρωριαι

165 1794 198 1849 et
226 1786 423 1866 κατεβρώένν
455 1785 604 1851 dicebant
634 1797 667 1852 et
693 1784 953 1864 καπαβέβρωκα,
984 1797 1017 1850 et
1045 1785 1164 1853 fortnas
1197 1783 1344 1873 antiquas

166 1890 420 1980 corrumpebant
465 1890 655 1972 Θριπήδεςοο
678 1889 777 1954 iidem
791 1887 914 1953 stolide
934 1889 968 1955 in
987 1891 1209 1972 έριπιιδέςατος
1229 1889 1345 1982 depra-

166 2019 239 2063 vare
258 1997 382 2075 solent,
405 1995 482 2087 quia'
500 1994 586 2061 unde
605 1995 782 2062 formatum
801 2005 885 2060 esset
903 1996 1099 2063 nesciebant.
1134 1995 1346 2062 Reddidinius
1433 2059 1438 2068 ,

166 2102 316 2169 Luctare
336 2105 559 2177 κατεδεσθῆναι
577 2136 617 2149 -·
633 2100 837 2185 καταφαγών
856 2124 916 2191 pro
934 2103 1171 2177 καταδασέῆναι
1187 2147 1226 2159 -
1242 2126 1348 2168 κατα·
1467 2157 1471 2169 ,

165 2207 281 2289 φαγών
304 2230 376 2297 pag.
402 2209 459 2273 80.

214 2310 316 2395 Quem
331 2334 484 2377 errorem
514 2310 695 2377 notavimus
722 2334 753 2401 p.
776 2314 840 2377 135
868 2312 903 2377 in
933 2312 987 2377 uui
1015 2310 1176 2394 διάγχητε
1204 2336 1263 2404 pro
1291 2314 1345 2378 καὶ

168 2416 299 2498 ἄγχιρτε
329 2440 457 2508 prorsus
488 2416 575 2481 idem
604 2411 859 2508 deprehenditur
894 2417 928 2483 iu
958 2416 1043 2481 libro
1075 2415 1262 2484 Srntnouls
1292 2416 1350 2484 lx.

166 2543 199 2613 p.
220 2525 284 2588 415
314 2521 347 2588 in
377 2523 481 2589 verbis
511 2523 683 2601 βασιλικὴν
709 2522 740 2586 δὲ
768 2521 861 2586 πειέιὶ·
888 2520 1028 2601 λέγομεν
1058 2515 1134 2588 ὅταν
1157 2523 1350 2605 εὐεργεσίαις

132 2624 138 2634 ’
164 2628 280 2712 φέρωσι
316 2629 380 2694 καὶ
412 2628 604 2708 διάγωσιν
633 2623 729 2709 ἐφ’ἓν
755 2619 938 2704 βούλονται.
988 2625 1177 2693 Rectissime
1203 2628 1349 2695 Kununu

165 2734 247 2801 sidit
274 2757 417 2824 pannum
447 2733 534 2799 hunc
563 2728 835 2797 esse-Scutuour
854 2741 997 2797 assutum
1025 2754 1063 2797 er
1082 2733 1190 2798 nescio
1211 2758 1277 2825 que
1297 2758 1351 2801 so·

165 2839 284 2930 phista,
315 2852 347 2908 at
375 2840 448 2919 iste,
479 2837 623 2931 quisquis
643 2848 708 2916 est,
739 2834 870 2903 dederat
892 2836 1007 2918 φέρωσι
1035 2839 1100 2904 καὶ
1127 2838 1289 2922 σἰγωσιν,
1312 2854 1349 2908 ut

165 2947 263 3038 paulo
283 2958 357 3012 ante
377 2945 509 3024 α’έγοντες
534 2946 587 3026 ἐφ’
611 2941 632 3008 οἳ
657 2941 840 3030 βούλονται,
871 2952 904 3007 et
925 2943 960 3007 in
980 2944 1146 3012 notissimo
1167 2947 1348 3031 φέρεινκαὶ

164 3052 255 3132 ἄγειν
279 3051 395 3142 frigide
419 3062 451 3117 et
474 3048 642 3141 pueriliter
665 3048 754 3114 lusit.

213 3158 263 3224 Ad
283 3183 355 3249 pag.
378 3161 452 3224 137.
499 3154 639 3221 Foedius
669 3155 765 3220 etiam
797 3175 895 3245 quam
926 3156 960 3220 in
987 3159 1136 3239 πριῖισέαι
1161 3171 1194 3225 et
1219 3164 1348 3244 s’uproiro
1461 3165 1464 3168 ’

167 3267 214 3353 (et
240 3264 414 3345 κιρνῖισέαι,
443 3262 602 3333 πτασθαι,
633 3260 819 3344 κιχρῖισέαι)
850 3261 973 3327 scribae
999 3276 1172 3352 peccarunt
1201 3265 1235 3329 in
1264 3266 1347 3334 libro

133 3454 134 3457 Ἴ
165 3372 363 3437 Pturnttcflt
372 3387 542 3454 nonposss
552 3368 705 3428 suaviter
713 3366 785 3427 ue'tu'
793 3366 973 3431 secuudum
985 3367 1172 3457 Epicurum
1182 3373 1305 3460 prose
1315 3389 1344 3438 c.

163 3473 381 3553 Ἀλέξανδρος·
398 3468 558 3547 Φιλόξενον
582 3467 758 3550 γροέψαντα
786 3469 855 3550 περὶ
881 3471 1000 3537 παίδων
1020 3476 1046 3539 εἷ
1072 3485 1210 3556 πριεῑπαι
1236 3477 1345 3557 μικρὸν

164 3581 269 3657 ἐδέησε
293 3585 349 3651 τῆς
374 3577 541 3657 ἐπιτροπῆς
568 3576 735 3647 αποςῆναι.
772 3566 962 3641 Ειηοοάεεί
984 3578 1111 3659 πρίηται
1131 3592 1164 3645 et
1178 3587 1288 3662 μικροῦ
1311 3588 1346 3647 et

162 3691 350 3760 αποςῆσαι.
383 3679 457 3747 Non
487 3679 738 3769 assequebantur
767 3677 1018 3760 homunciones,
1051 3681 1129 3772 quid
1157 3685 1217 3750 sibi
1246 3688 1343 3755 veliet

164 3789 386 3860 coniunctirus
411 3788 443 3853 in
471 3789 497 3853 εἰ
517 3787 658 3867 πρίηται.
707 3785 831 3851 Eodem
856 3785 954 3852 modo
974 3786 1007 3852 in
1026 3810 1060 3853 re
1079 3788 1191 3855 eadem
1212 3794 1341 3880 grassati

164 3912 238 3969 sunt
266 3895 352 3987 apud
383 3893 612 3972 Hunouotutt,
636 3891 690 3957 cui
708 3890 807 3958 redde
834 3893 869 3961 V.
890 3897 943 3960 43.
967 3893 1074 3975 οἴχετο
1096 3895 1288 3976 χρησόμενος
1314 3900 1341 4002 {³

163 4004 250 4088 αἱρέρ
274 4004 324 4068 ἐπ’
350 4000 384 4076 ἣν
412 3998 563 4069 τέλλεται
584 4000 687 4080 χώραν
713 4023 773 4091 pro
797 4001 822 4066 ai
848 4000 942 4082 αἱρέει
964 4012 996 4066 ct
1016 4000 1054 4067 R.
1074 4005 1127 4068 67.
1151 4003 1341 4085 ἕχρνςνριοέ·

164 4113 233 4197 ζετο
259 4108 285 4175 εἰ
309 4105 442 4186 ἐκβαίνοι
468 4105 521 4169 τὸν
541 4105 693 4186 ”Abenses
713 4105 823 4198 accipe
842 4130 859 4172 a
880 4106 1040 4172 Dususno
1059 4109 1084 4172 si
1111 4107 1252 4192 ἕκβιένιρ,
1284 4113 1341 4202 qui

163 4229 197 4284 et
218 4215 257 4282 V.
282 4216 354 4279 124.
380 4233 438 4302 pro
464 4208 649 4288 ἐβουλεύετο
670 4248 708 4302 5-
727 4211 791 4277 εἵτε
816 4214 848 4284 ἐς
875 4214 982 4292 Σαρδὼ
1011 4211 1084 4290 ἄγοι
1110 4212 1174 4278 εἴτε
1197 4216 1228 4288 ἐς
1251 4219 1340 4298 Μύρ·

162 4346 242 4391 νιινον
261 4321 381 4412 optime
401 4314 540 4383 restituit
558 4312 634 4398 ἄγρ.
683 4315 783 4380 Recte
802 4316 920 4404 legitur
939 4315 964 4380 I.
985 4320 1038 4381 75.
1063 4318 1094 4388 ές
1116 4317 1159 4381 τὰ
1183 4323 1339 4402 χρηςήρια

162 4428 288 4506 ἔπεμπε
315 4427 339 4492 si
368 4424 572 4507 ςραπειένται.
620 4419 754 4510 Recepit
782 4419 936 4485 Drsnunr
960 4420 1114 4488 Deultum
1139 4424 1338 4491 emendatio-

161 4555 237 4599 nem
272 4530 306 4596 V.
327 4533 381 4598 82.
414 4529 590 4610 ἐπειρώτεον
621 4523 733 4605 κότερα
760 4529 888 4606 χαλκοῦ
915 4525 1078 4592 ποιέωνται
1105 4527 1123 4603 ἢ
1148 4530 1245 4610 λίθον,
1280 4529 1338 4594 ubi

162 4638 238 4705 iibri
259 4657 368 4703 omnes
386 4634 539 4700 ποιέονται
562 4642 701 4710 serrant,
730 4642 762 4696 et
783 4629 914 4697 Ι1135.
937 4631 1171 4712 ἐπειρησόμενος
1200 4636 1235 4698 τὸ
1257 4658 1336 4715 χρη-

162 4747 261 4826 ςὴριον
285 4743 311 4808 εἷ
333 4741 434 4821 ποιὲρ,
466 4737 522 4803 ubi
547 4736 649 4805 codd.
670 4745 753 4804 ποιοῖ
771 4749 803 4806 et
822 4738 921 4820 ποιεέρ
939 4734 1106 4815 exhibent,
1130 4750 1162 4802 et
1188 4737 1240 4805 Vi.
1264 4742 1337 4809 135.

418 4843 419 4846 ’
1098 4853 1128 4894 ιο
1139 4845 1154 4876 t
