3309 5750
747 641 788 704 95

167 809 274 881 Μή.
300 815 355 878 οὐκ
377 811 417 877 ἂν
444 811 598 892 bibendis,
631 815 682 880 Vl.
708 819 761 881 ou
786 819 812 882 oi
845 819 943 892 ίτπής
968 815 1099 893 ἔμελλον
1114 815 1204 895 ·ίρ’κις’
1228 815 1267 881 civ
1298 819 1352 882 et·

165 921 238 995 τοὺς
272 918 484 995 turrisculi.
506 924 549 985 80
570 928 602 985 ct
619 917 691 985 Vlll
710 926 761 986 bu.
786 922 958 1002 νομίζοντες
981 923 1085 1005 ρ’ριδίως
1115 921 1153 987 ἂν
1175 926 1351 1004 προσχωρή·

163 1049 244 1103 σειν,
263 1024 415 1091 v111.71.
440 1023 566 1104 νομίζων
582 1028 637 1091 οὐκ
655 1025 693 1091 ἂν
716 1029 906 1109 ήσνχοίσειν,
927 1026 1004 1092 bueo
1024 1026 1122 1092 lermc
1140 1035 1216 1092 sunt
1232 1049 1349 1113 genera

164 1149 335 1208 errorum,
355 1149 437 1216 quae
461 1130 545 1216 apud
567 1147 678 1197 onmes
701 1130 903 1197 Αιίισιιὶοιιιοι
927 1133 1111 1218 frequenter
1135 1153 1220 1199 nunc
1242 1154 1349 1199 recur-

164 1245 264 1312 runt,
287 1235 364 1300 olim
385 1235 507 1299 nemini
528 1255 681 1321 umquam
706 1237 814 1302 audita
839 1247 894 1303 aut
916 1239 1014 1307 lecta.
1039 1244 1071 1302 et
1094 1258 1264 1324 possumus
1285 1239 1351 1304 lere

162 1341 266 1428 digito
290 1348 471 1405 monstrare
491 1359 565 1419 coa,
591 1343 885 1427 quorumsocordia
911 1343 1030 1408 lactrrm
1056 1344 1098 1408 sit
1122 1352 1158 1409 ut
1183 1350 1272 1408 tanta
1296 1364 1349 1429 op-

162 1452 277 1534 parcat
311 1443 572 1512 soloecismorum
605 1446 795 1533 frequentia.
844 1449 904 1529 Qui
939 1448 1124 1533 imperitum
1157 1448 1349 1514 Grammati-

165 1573 242 1620 cum
266 1551 463 1618 soloecismis
491 1552 575 1617 ultro
597 1554 776 1620 commissis
800 1553 986 1619 ludificatur
1009 1553 1093 1640 apud
1112 1554 1267 1619 Lourinon
1287 1558 1351 1628 76,

167 1663 201 1725 b.
224 1658 322 1724 etiam
342 1657 374 1722 in
396 1657 455 1723 boc
474 1657 620 1744 excerpto
637 1660 707 1724 eius
729 1660 891 1725 inscitiam
916 1659 1075 1746 explodit:
1101 1662 1132 1724 οὐ
1151 1658 1214 1738 γὰρ
1238 1658 1350 1731 ἐθέλεις

163 1762 296 1830 ἐτεσίοιι
316 1763 488 1840 σννήσων
509 1761 555 1828 ἐιν
578 1762 663 1844 οίοιερ
686 1766 881 1843 ἐίσιιήσειοιςε
905 1766 984 1830 nitril
1005 1765 1126 1830 lionaini
1149 1762 1351 1839 subolet‚ita

163 1867 233 1956 ipse
257 1867 379 1934 solebat
402 1868 509 1934 dicere
543 1878 574 1934 et
598 1867 676 1934 alios
705 1870 817 1935 audire
846 1869 1010 1945 dicentes,
1032 1869 1201 1957 respondet
1233 1870 1349 1953 igitur:

161 1976 238 2042 ἀλλ’
271 1975 333 2053 ἐμίν
367 1974 535 2054 βσιίλομοιι.
559 1976 597 2039 σὺ
622 1976 648 2040 δ’
671 1977 753 2041 οὐδὲν
777 1971 870 2049 οἶτος
900 1974 937 2041 ὧν
961 1977 1108 2058 οίνίρωτοι
1132 1974 1349 2055 σολοικίζοντες

161 2080 303 2160 λέγουσι.
350 2078 408 2144 Cui
426 2079 498 2144 ilic:
519 2080 554 2145 ri
577 2081 640 2161 γὰρ
663 2088 713 2146 νῦν
734 2083 817 2164 indic
841 2080 946 2163 μικρόν
966 2084 998 2148 τί
1021 2107 1065 2147 σοι
1084 2084 1233 2166 φοιίνετοιι
1255 2082 1350 2145 κοινὸν

164 2181 266 2261 οίνοιις
295 2185 373 2270 quid
395 2184 516 2251 diceret
540 2185 567 2250 si
591 2195 736 2251 nostruin
763 2187 1213 2264 unsrosrnmsn‚1soemmn,
1238 2188 1351 2252 l'csro·

167 2307 252 2364 neri,
275 2289 373 2368 alios,
403 2291 527 2358 videret
551 2289 686 2356 subinde
711 2292 755 2356 ita
775 2291 977 2358 scribentes?
1022 2292 1113 2379 Apud
1138 2304 1262 2361 veteres
1286 2291 1352 2358 lere

167 2391 300 2482 perinde
327 2404 376 2462 est
407 2393 523 2475 είτοιμ·
544 2394 583 2461 ilo
608 2405 664 2461 aut
697 2398 750 2476 ἐρῶ
776 2395 902 2472 dicero,
935 2398 996 2461 nisi
1019 2396 1102 2482 qrrod
1135 2397 1215 2464 illud
1245 2398 1349 2463 lenius

164 2507 198 2568 ct
231 2499 390 2567 urbanius
426 2500 568 2574 dicitur,
604 2499 665 2567 lroc
698 2501 792 2587 paulo
831 2503 939 2566 acrius
969 2511 1001 2566 et
1033 2503 1207 2567 incitatius.
1255 2503 1352 2567 Num·

163 2606 239 2692 quis
271 2614 362 2693 putet
396 2607 444 2671 sic
479 2607 595 2686 εἴπωμι
630 2606 733 2671 solum
763 2627 854 2692 posse
884 2606 948 2671 dici
985 2605 1032 2671 rel
1059 2607 1111 2686 ἐρῶ
1144 2606 1202 2672 ἐνί
1253 2608 1352 2673 Nemo

163 2709 283 2778 hercle.
342 2711 425 2792 Quid
458 2713 485 2777 si
518 2711 661 2798 exempla
699 2712 863 2798 complura
894 2712 1061 2796 utriusque
1089 2712 1160 2776 vitii
1190 2711 1350 2799 proferen-

165 2825 243 2895 tur,
280 2815 364 2904 quod
385 2815 477 2884 iacile
508 2815 596 2883 iactu
628 2816 701 2883 est?
727 2837 765 2883 an
794 2817 899 2883 omnis
931 2816 984 2882 illa
1016 2818 1158 2884 assensio
1181 2814 1351 2885 statuetur?

165 2922 278 3009 itaque
301 2924 525 2989 Derosrasnnn
549 2923 696 3001 deseres,
722 2932 758 2989 ut
782 2923 913 2989 stolidos
933 2922 1055 2988 scribas
1080 2925 1235 3010 sequaris,
1271 2924 1355 2991 Num

166 3037 266 3115 putas
297 3048 355 3115 pro
378 3029 469 3105 ήδέως
497 3028 535 3095 ἂν
562 3030 770 3111 ἐρωτήσωιμι,
811 3031 902 3107 »iilos
927 3028 966 3095 iv
1001 3031 1150 3109 τνέοίμήν
1181 3041 1268 3099 recte
1292 3031 1355 3098 diei

166 3132 261 3211 ήὸίως
291 3131 330 3198 ἂν
356 3134 493 3215 ἐρωτήσω
520 3135 568 3200 vol
593 3136 683 3212 ἡδέως
707 3136 745 3201 bv
767 3135 949 3214 τούσομοιιί
998 3136 1065 3201 Non
1086 3137 1225 3202 arbitror
1245 3156 1355 3223 qucrn-

166 3255 266 3325 quam
296 3239 340 3304 ita
359 3241 500 3316 sentire,
522 3241 599 3326 quia
622 3260 662 3306 ne
686 3241 833 3307 Graeculi
857 3241 986 3326 ‹prridcm
1009 3242 1052 3306 ita
1076 3250 1210 3328 peccant
1230 3251 1261 3306 ct
1282 3262 1355 3307 rara

165 3342 326 3431 quaedam
347 3353 422 3411 sunt
443 3346 505 3411 ista
534 3346 612 3410 vitia
637 3347 689 3410 vix
720 3346 759 3411 ab
778 3365 840 3411 uno
871 3346 1035 3430 alteroque
1058 3344 1189 3411 librario
1212 3346 1265 3411 lric
1289 3346 1355 3412 illic

166 3450 296 3516 incuria
318 3452 500 3516 commissa.
547 3450 711 3532 Quomodo
742 3452 843 3536 igitur
871 3451 1071 3535 concoquitis
1097 3452 1128 3516 in
1161 3452 1255 3516 tertia
1280 3450 1356 3515 Plri-

166 3554 283 3644 lipps'co
305 3574 335 3640 p.
360 3559 445 3633 128,
476 3557 509 3623 τί
539 3563 692 3635 noricam
726 3554 829 3622 τιίλοιι
853 3580 900 3630 τις
925 3556 1016 3633 iiiuc
1040 3554 1079 3620 ἂν
1099 3555 1169 3629 ἴσως
1200 3552 1355 3636 ἐρωτήσων

168 3660 326 3737 salissam
359 3680 433 3727 nam
458 3656 728 3748 quemadmodum
753 3672 840 3729 recte
874 3658 1025 3728 Socanrcs
1050 3663 1082 3727 in
1109 3662 1255 3725 Penronrs
1277 3664 1355 3745 Apo·

167 3766 252 3853 topic
280 3764 424 3851 disputat
449 3788 477 3853 p.
500 3771 565 3843 27,
590 3768 638 3842 τίς
667 3766 707 3833 tv
741 3771 900 3851 ἀνθρώπων
924 3771 994 3834 θεῶν
1015 3769 1072 3846 μὲν
1101 3767 1217 3840 παῖδας
1250 3770 1356 3844 ήμοῑτο

166 3868 265 3946 σίνιιι,
299 3873 382 3946 θεοὺς
407 3873 438 3938 δὲ
469 3876 536 3952 μή;
562 3873 670 3953 δμοίως
700 3874 763 3955 γὰρ
794 3872 833 3939 ἂν
867 3874 982 3940 οίτοτον
1008 3870 1054 3948 sin
1079 3871 1178 3953 ίίσοτερ
1209 3871 1247 3937 tv
1280 3872 1355 3945 είτις

166 3975 272 4045 ireres
295 3980 353 4058 μέν
382 3979 500 4053 notice
523 3982 629 4059 ἡγοῖτο
661 3980 678 4056 ή
713 3979 1118 4058 caltiamentorum
1153 3978 1354 4067 (expunged

167 4082 254 4170 quod
279 4102 373 4149 rrerno
396 4084 580 4149 admonitus
600 4084 719 4169 releget
753 4085 822 4149 sine
854 4084 956 4172 risu).
989 4083 1101 4158 ίττονς
1136 4085 1167 4150 δὲ
1197 4084 1250 4149 cot
1274 4083 1355 4157 ὅνους

166 4190 212 4268 μή
237 4190 344 4267 ήμοῑτο
368 4186 466 4265 οίνοοις
499 4190 546 4255 sio
580 4189 750 4255 nranilesto
781 4190 957 4256 absurdum
981 4197 1029 4255 est
1052 4191 1190 4272 ἐρωτήσω
1220 4187 1260 4255 ἄν
1293 4209 1355 4254 non

167 4312 238 4360 esse
272 4293 443 4373 Graecum,
474 4295 628 4376 ἐρωτήσων
657 4293 695 4361 ἄν
720 4294 800 4360 nihil
825 4294 943 4361 babere
969 4294 1189 4360 dubitationis.
1236 4294 1355 4360 Eodem

169 4398 243 4467 iuro
266 4398 387 4465 dixeris
406 4399 613 4486 participium
631 4400 773 4480 ἐσόμενος
799 4402 924 4467 Graccis
945 4420 1035 4477 esse,
1058 4399 1269 4465 indicativum
1293 4400 1357 4465 ἔσο·

168 4530 228 4587 μοι
253 4524 316 4570 non
341 4524 420 4572 esse.
468 4505 509 4570 rit
533 4514 649 4571 veteres
673 4507 869 4571 membranae
885 4506 1005 4590 possim
1031 4527 1135 4571 omncs
1159 4507 1194 4571 ιἰι
1217 4505 1361 4570 disseri·

172 4611 274 4698 pluris
297 4608 510 4678 incredibilem
539 4610 573 4676 in
592 4610 718 4677 modum
743 4612 937 4699 conspirent,
951 4612 1112 4697 inquiunt.
1160 4610 1203 4676 Ιιι
1221 4610 1278 4675 doc
1299 4609 1365 4695 ipso

178 4718 243 4786 loco
269 4716 479 4784 benosmens
501 4714 698 4783 attondebitis
719 4728 763 4784 eat
781 4717 932 4783 librorum
964 4739 1148 4795 consensus,
1171 4716 1365 4800 ἐρωτήσων
