3309 5750
845 653 907 720 177

293 870 336 913 rs.
357 851 388 914 6.
411 845 552 927 μέμνησο
571 845 621 921 δὲ,
646 840 668 910 ὦ
689 844 838 926 τοιρόίνε,
864 842 910 910 ότι
932 871 968 911 σε
993 844 1130 923 ποίμνιον
1152 844 1277 927 ἔόρεψεν
1300 846 1389 912 οόλλόι
1408 849 1462 913 xxi

292 950 323 1022 εἷ
342 954 508 1029 καλό-εἰσ
528 952 595 1017 sine
615 973 708 1017 sensu
729 949 837 1016 Codex
857 962 888 1017 et
909 950 1075 1017 editiones.
1114 951 1186 1016 lluo
1206 950 1360 1017 voeabula
1377 947 1464 1019 exci-

294 1056 429 1123 derunt:
463 1059 533 1149 lege
557 1059 609 1124 κοοὶ
637 1060 670 1123 σὲ
704 1057 844 1136 ποίμνιον
876 1054 1018 1136 ἔόρεψεν,
1052 1057 1142 1121 οίλλόο
1167 1054 1220 1119 aui
1249 1053 1287 1127 ὣς
1313 1052 1344 1121 εί
1366 1060 1462 1136 κοιλή.

232 1200 237 1207 -
292 1162 369 1252 Peg.
392 1169 443 1231 28.
477 1164 644 1245 ε’ρνόημοοτι
680 1163 899 1241 ε’νετίμτλκτο
944 1158 1051 1227 Codex
1077 1174 1108 1226 et
1136 1161 1310 1226 llditiones.
1353 1160 1464 1227 Scribe

293 1268 493 1347 ἕροόημκτος,
516 1265 744 1356 compendium
766 1251 902 1348 ἑρνόημοῖ
922 1266 1052 1330 indocto
1071 1266 1234 1356 expletum
1256 1291 1323 1333 esse
1343 1269 1464 1334 intelli·

291 1373 348 1463 gis.
396 1374 468 1463 Peg.
489 1378 532 1439 29
552 1374 635 1439 male
657 1371 809 1439 Couuuut
829 1396 867 1438 ex
885 1372 964 1440 Cod.
986 1374 1075 1439 affert
1097 1378 1281 1457 λευκότερον
1303 1387 1334 1440 et
1353 1367 1412 1439 τοῖν
1432 1374 1464 1438 δὲ

292 1477 434 1560 πρότερον
458 1478 585 1557 χρόνον.
622 1478 688 1543 sine
719 1461 825 1543 errore
854 1478 954 1544 habet
982 1479 1065 1545 liber
1092 1480 1269 1561 λενκότερον
1298 1491 1330 1546 et
1358 1481 1410 1544 τόν
1431 1479 1463 1543 δὲ

293 1581 437 1663 πρότερον
458 1583 583 1664 χρόνον,
619 1584 671 1650 sed
700 1583 797 1649 habet
828 1585 938 1650 vitium
965 1585 1000 1649 in
1022 1584 1118 1665 μέχρι
1139 1590 1192 1648 τοῦ
1217 1583 1255 1649 όον
1280 1582 1461 1664 δικβρὲξοιι,

292 1686 409 1752 deinde
439 1710 504 1752 non
535 1688 672 1766 ἠμέλητο
696 1687 749 1751 κοί
778 1690 923 1768 ηοὲγὲλη
955 1689 1010 1755 sed
1039 1691 1176 1766 ημελῆτο
1202 1692 1219 1765 η
1242 1689 1366 1766 οόηέλη,
1398 1710 1463 1778 quo

293 1793 419 1858 facilius
439 1798 586 1872 η’μελεῖτο
609 1792 791 1882 corrigitur,
824 1806 893 1860 tum
921 1793 1049 1859 exhibet
1069 1793 1173 1872 χλόκς
1194 1801 1329 1875 κκιριννῖς
1352 1814 1464 1884 super-

290 1898 415 1988 scriptis
435 1923 468 1973 ης
489 1910 521 1962 et
541 1900 590 1976 όε,
622 1912 657 1964 ut
676 1899 732 1964 fiat
754 1899 856 1980 χλόης
880 1902 1005 1981 θερινῆς.
1029 1958 1031 1962 ,
1051 1897 1212 1964 Continuo
1232 1898 1391 1989 sequitur:
1420 1900 1463 1971 είς

290 2002 385 2082 μόνην
409 1999 509 2077 Χλόην
535 2002 679 2080 ἐγίγνετο
699 2002 798 2077 λοίλος
832 2016 898 2070 tam
923 2027 1070 2094 perverse
1091 2002 1214 2068 dictum
1236 2015 1333 2092 atque
1351 2011 1463 2070 λοολεῖν

291 2106 334 2179 είς
358 2131 439 2172 τιον..
466 2105 680 2195 comigensis
702 2107 808 2184 μόνην.
857 2108 1004 2200 Denique
1029 2110 1063 2174 in
1084 2108 1204 2175 Codice
1233 2132 1300 2173 non
1325 2106 1463 2176 estivi

290 2213 412 2294 Δόρκων
436 2214 629 2293 ἕχονρίσκτο,
656 2212 710 2277 sed
734 2216 918 2295 ἐδωρόσοοτο.

337 2317 523 2382 Percurram
552 2339 639 2381 nunc
669 2320 871 2385 Pastoralia
898 2334 929 2386 et
955 2320 1105 2385 indicabo
1133 2319 1249 2410 quihus
1271 2319 1350 2384 locis
1370 2341 1388 2383 e
1408 2340 1490 2384 co-.

291 2418 361 2485 dice
389 2420 586 2486 Florentino
615 2422 775 2487 emendari
805 2426 945 2514 possint,
982 2425 1118 2491 subinde
1147 2424 1295 2490 nonnihil
1324 2424 1363 2489 de
1389 2445 1462 2488 meo

291 2525 475 2616 adiungens.
523 2527 597 2617 Pag.
619 2531 648 2592 6.
670 2526 833 2595 Cuuututt.
858 2531 992 2609 νομίσεις
1016 2534 1049 2596 οὐ
1073 2529 1162 2593 πόλιν
1182 2529 1272 2609 όροῖν,
1296 2530 1386 2592 cittis
1411 2534 1462 2601 νῆ-

290 2655 353 2698 σον.
379 2632 529 2712 Νομίσεις
551 2632 721 2699 barbarum
743 2647 840 2700 estet
861 2659 930 2701 sero
949 2634 1123 2701 admodum
1143 2631 1321 2697 istiusmodi
1342 2625 1480 2699 formae‘

290 2758 351 2801 usu
369 2749 515 2827 receptae
534 2750 606 2803 sunt
626 2739 666 2803 ab
686 2739 850 2820 omnibus,
869 2741 986 2807 deiude
999 2740 1116 2832 passim
1137 2740 1169 2803 in
1186 2750 1328 2805 veterum
1347 2738 1464 2828 scripta

288 2842 448 2925 invectae,
480 2844 565 2911 unde
589 2846 755 2912 maximam
778 2860 903 2937 partem
926 2847 990 2920 iam
1011 2846 1159 2938 expulsae
1178 2856 1269 2925 sunt,
1303 2842 1463 2935 quidquid

291 2961 389 3014 restat
419 2951 530 3018 eodem
555 2953 652 3018 modo
672 2954 913 3020 eliminandum.
954 2954 992 3020 lu
1019 2953 1138 3020 Codice
1160 2963 1206 3017 est
1226 2952 1384 3035 νομίοκις,
1410 2949 1464 3015 cui

291 3055 317 3119 si
337 3053 376 3119 οίν
396 3056 553 3124 addideris
578 3059 696 3124 Graece
717 3058 838 3125 dictum
860 3059 929 3125 erit.
977 3059 1101 3125 Eodem
1121 3057 1217 3122 modo
1240 3055 1275 3120 iu
1294 3057 1463 3123 Pastoru-

290 3162 377 3226 titos
407 3177 521 3253 quater
548 3178 701 3256 peccatur
722 3165 755 3229 in
780 3166 896 3243 κομίσω
925 3188 984 3255 pro
1004 3171 1109 3242 κομιεῖ.
1130 3187 1161 3252 p.
1182 3165 1234 3248 86.
1260 3163 1461 3240 κομίσονσοον.

258 3334 264 3347 ,
289 3290 322 3356 p.
345 3271 419 3332 160.
440 3271 589 3347 κομίσειν.
615 3295 646 3360 p.
670 3274 743 3336 166.
767 3271 950 3347 κομίσονσκ.
974 3295 1005 3360 p.
1030 3273 1102 3334 167.
1126 3267 1326 3345 κομίσονσοιν.
1363 3268 1463 3332 Recte

292 3369 370 3437 Cod.
398 3397 430 3462 p.
454 3377 528 3440 157.
552 3376 732 3457 χκριεῖσόκι
761 3374 851 3438 dedit
879 3398 938 3463 pro
965 3374 1171 3455 χκρίσοοσόοιι.
1220 3370 1293 3435 Nou
1324 3384 1370 3436 est
1400 3371 1464 3437 hue

290 3477 486 3543 trahendum
512 3480 622 3560 ονρίσοο
647 3504 678 3569 p.
699 3482 751 3544 79.
770 3480 932 3560 σνρίσετε,
958 3503 1032 3544 uam
1055 3478 1187 3542 Luuuus
1207 3477 1356 3556 σνρίττοι,
1381 3478 1464 3557 σνρί-

291 3592 353 3659 σοι.
379 3587 507 3667 ε’σόρισοο
528 3598 636 3651 contra
661 3607 753 3649 usum
780 3585 928 3650 Veterum
949 3586 1087 3650 scribere
1104 3583 1195 3648 solet.
1226 3582 1353 3647 lbidcm
1372 3609 1403 3674 p.
1420 3589 1463 3650 79

292 3689 442 3756 vitiosum
471 3702 518 3755 est
546 3693 716 3770 νεμήσετε,
742 3690 796 3755 sed
813 3691 917 3780 ipsius
939 3691 1087 3756 Rhetoris
1110 3690 1186 3754 ritio
1208 3701 1377 3779 peccatum
1398 3712 1464 3756 esse

292 3796 453 3885 suspicor,
485 3780 560 3861 n'am
589 3808 621 3860 et
646 3794 724 3860 alios
752 3797 795 3862 ita
821 3797 886 3861 ridi
905 3819 1148 3886 nonnumquam
1172 3817 1291 3873 errare,
1316 3806 1351 3858 ut
1377 3795 1464 3862 Pnu-

293 3920 454 3969 taucuuu
482 3903 514 3968 in
547 3901 694 3968 Caesare
718 3906 769 3970 19.
804 3906 1058 3982 ἐντινεμόσεσόοοι.
1107 3903 1241 3968 Formae
1272 3903 1401 3967 vitiosae
1429 3901 1463 3966 in

292 4007 362 4072 -iou
384 4021 415 4073 et
434 4008 557 4087 -ίσομκι
576 4034 634 4100 pro
654 4011 702 4075 -tsi
726 4023 758 4075 et
776 4016 898 4088 -ιοῦμκι
921 4011 1036 4101 passim
1059 4011 1252 4098 irrepserunt
1274 4008 1307 4072 in
1328 4009 1464 4099 scripto-

291 4135 340 4179 res
365 4115 509 4195 Atticos,
542 4139 679 4205 quorum
708 4115 843 4182 Codices
872 4138 932 4180 nec
962 4129 1081 4181 veteres
1106 4137 1166 4179 nec
1187 4114 1265 4179 boni
1284 4126 1462 4203 supersunt.

291 4218 405 4309 Itaque
425 4220 459 4285 in
482 4220 582 4286 Ltsta
602 4214 752 4312 persaepe
776 4234 945 4310 apparent,
970 4234 1004 4286 ut
1025 4220 1096 4286 XII.
1111 4225 1162 4285 44.
1187 4217 1267 4290 ότονς
1285 4222 1363 4297 μήτ’
1376 4222 1463 4299 νόμον·

291 4325 338 4389 όόν
369 4326 468 4405 ,μηδὲν
499 4327 678 4408 ψηφίσεσόε
702 4330 824 4391 πολλῶν
849 4352 885 4391 τε
915 4328 1026 4398 ἐνδεεῖς
1054 4325 1177 4399 ἔσεσόε,
1213 4324 1269 4389 ubi
1295 4347 1463 4416 perperam

290 4428 487 4510 ψηφίσοιισόε
508 4432 735 4521 rescripserunt
754 4447 812 4520 pro
833 4433 1014 4512 ψηφιεῖσθε.
1059 4430 1098 4495 In
1119 4429 1351 4496 Xunot'uorttls
1370 4431 1462 4497 Helt.

290 4530 348 4598 lv.
361 4535 436 4599 'mm
459 4538 487 4602 1.
512 4537 595 4602 male
614 4535 829 4604 Scusnrnnus
848 4534 1048 4613 ἐντειχίσοιεν
1066 4533 1198 4613 invexit,
1214 4536 1296 4601 bene
1313 4534 1463 4598 Druson-

289 4655 363 4702 que
392 4641 582 4719 ε’ντειχιοῖεν.
625 4640 750 4720 Κομίοσ
785 4652 817 4707 et
851 4638 967 4704 similia
1001 4639 1106 4704 omnia
1136 4640 1222 4732 apud
1253 4639 1462 4709 Athenienses

290 4744 569 4814 coniunctisorum
590 4748 698 4814 aoristi
717 4759 806 4831 sunt,
833 4759 869 4813 ut
888 4747 922 4813 in
934 4746 1046 4815 Pluto
1065 4749 1141 4818 768.
