3309 5750
300 636 365 689 XIV

301 832 496 908 numquam
517 811 640 881 natum
660 811 753 880 esset
773 810 838 879 aut
857 805 977 879 statim
997 829 1221 904 oppressum,
1245 806 1276 880 si
1295 807 1391 885 hanc
1408 808 1480 885 sibi

306 937 455 1036 quisque
474 935 587 1033 legem
608 932 755 1007 scribere
778 932 959 1021 voluisset,
985 939 1026 1006 ut
1047 933 1135 1008 nihil
1157 935 1322 1032 proferret
1344 936 1382 1009 in
1402 960 1480 1014 me·

301 1065 402 1139 dium
432 1063 501 1138 nisi
534 1061 634 1136 cuius
658 1060 824 1135 idoneum
847 1060 1043 1159 exemplum
1073 1086 1116 1136 ex
1140 1062 1285 1160 probato
1311 1063 1479 1162 scriptore

301 1196 518 1290 suppeteret,
552 1196 591 1263 et>
611 1194 702 1261 esset
723 1187 893 1262 aberratio
917 1187 1185 1273 describentium
1216 1190 1406 1281 eiusmodi,
1436 1200 1480 1269 ut

299 1343 403 1419 saepe
432 1319 480 1392 in·
497 1317 619 1391 eadem
645 1341 682 1390 re
706 1316 829 1389 eodem
852 1315 957 1390 modo
980 1316 1135 1391 librarios
1156 1336 1314 1415 peccasse
1339 1327 1476 1396 consta·

298 1455 362 1522 ret.
396 1446 470 1525 Qui
491 1447 580 1520 banc
604 1444 772 1519 rationem
796 1444 943 1541 experiri
962 1445 1072 1533 volet,
1094 1452 1175 1524 ante
1196 1447 1314 1523 omnia
1327 1448 1385 1539 (si
1403 1450 1476 1524 ullo

295 1581 398 1675 pacto
420 1575 498 1661 fieri
520 1574 660 1672 poterit)
686 1572 780 1673 ipsos
800 1579 953 1647 vetustos
980 1574 1126 1649 Codices
1149 1577 1299 1650 Graecos
1326 1576 1474 1676 diligan-

296 1710 350 1778 ter
371 1701 533 1802 inspiciat
556 1709 594 1775 et
615 1725 659 1777 ex
679 1701 765 1800 ipsis
785 1709 990 1801 cognoscat,
1025 1701 1111 1801 quid
1132 1702 1234 1776 nobis
1254 1702 1339 1778 iuris
1364 1704 1411 1778 sit
1426 1704 1473 1780 in

296 1829 403 1912 libros
434 1830 486 1908 sio
507 1829 670 1919 habitos,
703 1830 829 1903 deinde
858 1829 1015 1905 observet
1047 1830 1315 1929 quibusmodis
1341 1831 1473 1908 scribae

296 1965 429 2034 veteres
456 1984 595 2057 paccare
624 1958 694 2032 siut
725 1958 838 2045 soliti,
864 1983 954 2055 quae
983 1958 1151 2056 scriptura
1176 1957 1342 2057 inquam
1357 1960 1472 2066 >aliam

295 2087 406 2164 lacile'
416 2084 594 2185 depravari
611 2084 738 2184 possit,
757 2110 846 2183 quae
864 2085 999 2160 litterae
1027 2085 1097 2160 sint
1113 2085 1204 2161 inter
1219 2112 1257 2161 se
1271 2063 1469 2194 simillimae

294 2239 335 2290 ac
362 2238 472 2314 paene
496 2212 656 2300 eaedem,
684 2235 774 2310 quae
798 2212 1003 2311 compendia
1023 2213 1221 2310 permisceri
1241 2220 1277 2287 ct
1301 2214 1468 2296 conlundi

295 2343 444 2430 soleant,
461 2366 551 2438 quaa
564 2340 602 2416 in
618 2340 800 2418 scribendo
817 2339 983 2415 omittant
990 2329 1126 2416 'scribae
1139 2341 1368 2439 antiquiores,
1380 2365 1470 2442 quae

294 2497 316 2547 a
348 2469 568 2569 sequioribus
598 2468 689 2544 male
724 2475 759 2543 et
789 2468 907 2566 inepte
943 2468 1102 2566 suppleta
1132 2492 1197 2541 nos
1230 2469 1471 2559 ludificantur,

292 2623 384 2698 quae
421 2598 529 2697 siglae
551 2598 633 2672 sint
661 2622 704 2673 ac
736 2603 839 2671 uotae
872 2604 1044 2670 certorum
1082 2596 1287 2686 verborum,
1322 2597 1472 2696 denique

295 2753 388 2825 quae
422 2727 468 2801 sit
502 2726 562 2801 illa
595 2725 785 2800 annotandi
819 2731 856 2799 et
889 2725 1084 2824 explicandi
1111 2726 1346 2813 consuetudo,
1379 2726 1473 2799 unde

291 2862 348 2930 tot
368 2855 507 2932 inficeta
530 2860 565 2929 ct
585 2854 717 2929 insulsa
735 2852 971 2928 additamenta
991 2853 1277 2930 venustissimum
1297 2878 1470 2953 quemque

291 2982 463 3057 Veterum
496 2983 704 3081 deturpent,
738 2988 775 3056 et
808 3005 898 3079 quac
927 2981 972 3054 sit
1004 2990 1233 3057 correctorum
1269 2983 1310 3058 in
1333 3006 1472 3058 summa

292 3111 433 3187 inscitia
455 3134 572 3191 rerum
594 3116 631 3183 ct
653 3108 821 3185 sermonis
842 3108 979 3207 antiqui
997 3109 1209 3185 incredibilis
1229 3110 1373 3187 audacia
1391 3134 1473 3195 mu·

293 3239 396 3314 tandi
421 3245 457 3311 et
480 3237 711 3335 interpolandi
735 3236 909 3335 quidquid
934 3247 1135 3336 corruptum
1161 3245 1215 3312 est
1234 3245 1296 3312 aut
1319 3238 1396 3312 istis
1420 3238 1468 3315 vi·

293 3368 405 3443 detur.
461 3355 602 3446 Quibus
624 3364 796 3459 Codicum
820 3367 1030 3444 Graecorum
1057 3366 1349 3465 inspiciendorum
1373 3366 1469 3443 nulla

290 3504 346 3572 est
366 3497 530 3585 facultas,
552 3502 763 3594 componant
783 3495 1014 3571 mihiBssrrr
1033 3494 1191 3593 egregias
1211 3493 1466 3573 observationes

292 3625 601 3723 Palaecgraphicas
625 3627 823 3699 Gsncomo
853 3623 1064 3699 Comarnro
1091 3623 1264 3697 subiectas
1289 3646 1372 3699 cum
1397 3622 1468 3698 dis·

290 3752 509 3850 crepantium
535 3751 782 3849 scripturarum
801 3750 952 3839 acervis,
983 3775 1071 3848 quos
1089 3749 1125 3824 in
1145 3776 1284 3849 quoque
1304 3751 1467 3849 scriptore

290 3878 388 3952 docti
403 3879 552 3954 editores
570 3878 851 3965 accumularunt,
873 3884 910 3952 et
928 3903 974 3952 ex
994 3904 1037 3953 eo
1057 3886 1204 3956 stercore
1221 3902 1378 3978 gemmus
1398 3879 1466 3954 col·

290 4007 398 4106 ligere
430 4007 566 4081 discant
597 4006 754 4109 exemplo
781 4031 999 4083 summorum
1025 4008 1250 4096 Criticorum,
1271 4007 1312 4080 'in
1337 4006 1468 4105 quibus

289 4135 456 4209 omuibus
489 4135 699 4234 singularem
733 4135 1023 4233 Palaeograpbiae
1056 4136 1216 4234 peritiam
1248 4136 1361 4219 inesse
1392 4133 1466 4208 ani·

286 4261 545 4339 ‘madvertent..
576 4264 697 4340 Quam
732 4262 854 4337 sellem
889 4263 983 4338 docti
1012 4263 1170 4340 homines
1195 4264 1285 4339 hanc
1309 4261 1466 4336 criticam

289 4389 562 4487 supellectilem,
607 4415 713 4490 quam
750 4390 905 4486 undique
939 4400 1186 4490 comportatum
1216 4402 1254 4466 ct
1291 4417 1337 4465 ex
1368 4389 1467 4466 libris

286 4514 607 4617 qualibuscumque
630 4518 771 4620 optimis
792 4518 951 4617 pessimis
973 4545 1055 4598 cum
1078 4520 1466 4619 pulvisculoqcorrasam

290 4645 517 4746 scriptoribus
549 4638 716 4745 antiquis:
730 4647 932 4749 appendere
962 4642 1095 4737 solent,
1128 4649 1177 4724 ita
1200 4649 1399 4728 discernere
1429 4657 1465 4725 et

290 4776 459 4878 digerere.
478 4776 633 4853 'delectu
651 4777 741 4854 facto
774 4785 811 4853 et
842 4779 1040 4878 quisquiliis
1065 4778 1219 4856 abiectis
1255 4778 1464 4868 voluissent,
