3309 5750
728 717 858 788 19'

153 896 285 968 ταύταν.
333 891 397 960 Sed
422 910 556 961 manum
584 889 624 958 de
648 889 776 965 tabula;
808 889 906 955 finem
936 885 1051 954 faciam
1075 887 1108 953 in
1141 882 1341 952 emendando

155 1002 320 1070 &anemis
342 998 544 1085 lragmento,
573 994 659 1083 quod
681 1003 712 1062 et
737 995 822 1083 apud
852 995 1007 1061 losannae
1029 993 1232 1059 Dnuasemmr
1251 996 1284 1056 et
1307 988 1342 1054 in

158 1106 287 1175 Sronoer
309 1105 401 1171 libris
419 1104 558 1190 turpiter
578 1110 767 1187 corruptum
788 1097 1039 1167 circumfertur:

339 1212 448 1283 attae
472 1208 536 1290 γὰρ
561 1208 592 1273 ἓν
613 1215 752 1272 κακοῖσιν
775 1206 858 1273 οὐδὲν
881 1208 1002 1288 ὠφελεῖ

342 1321 360 1395 ἦ
384 1316 448 1398 γὰρ
469 1314 568 1389 σιωπὴ
591 1314 844 1394 relectorium
868 1312 1053 1392 σύμμαχοι.

162 1423 269 1506 Quum
295 1423 328 1488 in
348 1427 477 1487 vetusto
496 1417 578 1484 libro
601 1418 656 1492 δὼς
688 1418 752 1498 γὰρ
774 1423 859 1483 esset
886 1418 1045 1502 seriptum
1080 1416 1179 1502 stipes
1211 1408 1349 1498 explevit

161 1530 253 1603 ebbe,
286 1528 376 1600 αἰδὼς
399 1532 486 1592 recte
511 1524 666 1610 scriptum
688 1530 793 1589 exstat
824 1523 857 1587 iu
883 1521 997 1587 Floril.
1024 1520 1113 1587 Xlll.
1139 1525 1172 1586 9.
1220 1514 1350 1601 Conspi·

163 1640 241 1699 rant
263 1650 376 1698 omncs
399 1629 432 1695 in
456 1632 497 1711 τῷ
525 1634 690 1706 λαλοῦντι,
714 1627 798 1714 quod
822 1627 957 1693 verbum
988 1625 1028 1692 de
1049 1625 1147 1690 trivio
1167 1628 1312 1689 sumtum
1331 1638 1352 1685 a

168 1734 342 1823 Sophoclea
365 1733 640 1821 grandiloquentia
672 1734 823 1800 abhorret
847 1740 901 1810 et,
934 1730 1141 1818 quodetiam
1166 1729 1257 1815 peius
1280 1732 1352 1803 est,

167 1842 338 1909 Saracenas
356 1838 435 1905 nibil
454 1839 541 1928 dicit.
590 1839 625 1908 Si
649 1860 776 1907 mecum
795 1858 945 1926 repones:

347 1945 465 2026 ἡγὰρ
489 1948 587 2022 σιωπὴ
611 1949 891 2025 certamem
915 1943 1100 2024 σύμμαχος.

164 2052 296 2138 utrique
319 2049 403 2117 malo
422 2050 600 2119 medeberis
623 2060 656 2118 et
682 2051 768 2118 unde
789 2058 897 2118 ortum
922 2050 965 2115 sit
985 2046 1193 2132 intelligetur.

620 2288 797 2356 CAPUT
836 2287 907 2354 ΙΙΙ.

211 2496 305 2588 Quod
329 2498 458 2585 saepius
482 2497 549 2563 dixi
572 2507 642 2585 post
666 2500 840 2566 Αιιιιιιιιιιιιι
865 2505 1023 2577 mortem,
1048 2515 1149 2583 quum
1176 2493 1357 2562 Macedones

169 2613 201 2672 et
221 2603 424 2671 Macedonica
450 2613 660 2690 occupassent
679 2606 803 2680 omnia,
828 2605 1049 2670 sinceritatem
1073 2602 1183 2667 &ceci
1202 2600 1360 2667 sermonis

168 2710 233 2777 labi
257 2718 289 2776 et
319 2710 535 2776 contaminari
558 2709 642 2796 epod
665 2731 769 2775 omnes
793 2710 936 2795 primunr
961 2715 1107 2794 coeptam
1133 2703 1360 2783 esse,'deinde

169 2817 274 2903 magis
295 2816 463 2903 magisque
482 2834 552 2881 esse
576 2813 801 2902 depravatam,
825 2821 862 2880 ut
881 2814 1066 2901 quicunque
1084 2820 1167 2881 esset
1187 2812 1361 2892 eruditior,

170 2929 279 3010 spreta
297 2920 408 3006 lingua
432 2919 634 3007 popularium
658 2922 772 2986 vitiosa
795 2928 827 2987 et
848 2923 974 3008 inepta,
996 2919 1197 2987 artificialem
1220 2920 1280 2985 sibi
1303 2919 1362 2986 lin·

172 3046 270 3114 guam
302 3045 341 3092 ex
373 3027 582 3112 antiquorum
610 3027 846 3094 Atheniensium
880 3028 1011 3114 scriptis
1033 3026 1218 3113 colligeret,
1243 3045 1307 3112 qua
1330 3033 1363 3093 et

173 3134 207 3199 in
227 3129 397 3198 scribendo
427 3137 574 3197 uteretur
597 3139 629 3198 et
649 3133 676 3198 si
699 3132 827 3220 quando
849 3132 888 3198 ad
908 3133 1053 3200 eruditos
1074 3139 1107 3199 et
1126 3131 1288 3217 elegantes
1308 3150 1363 3197 au·

175 3237 297 3304 ditores
310 3234 408 3302 verba
420 3233 555 3313 laceret,
576 3256 645 3303 eam
659 3246 766 3304 autern
777 3238 922 3325 linguam
936 3247 1007 3305 arte
1018 3246 1051 3305 et
1063 3235 1171 3304 studio
1183 3237 1363 3321 quaesitam

174 3343 395 3410 sinceritatem
429 3342 587 3407 naturalis
618 3342 748 3427 linguae
779 3364 841 3409 non
876 3344 1032 3410 illibatam
1065 3351 1097 3409 et
1121 3343 1275 3407 intactam
1301 3361 1366 3408 ser·

174 3469 252 3516 vare
276 3446 333 3514 sed
357 3447 444 3513 vitiis
468 3446 659 3532 quibusdam
680 3449 749 3513 suis
772 3457 805 3515 et
826 3449 956 3534 ineptiis
972 3447 1056 3534 apud
1079 3466 1190 3512 omnes
1214 3445 1366 3512 iniectam

176 3562 209 3622 et
230 3553 434 3639 inquinatam
458 3571 544 3630 esse,
571 3551 603 3616 id
628 3573 714 3619 nunc
734 3554 828 3639 quale
853 3554 895 3617 sit
916 3551 1048 3618 uberius
1065 3553 1097 3616 in
1119 3570 1184 3615 uno
1203 3549 1368 3636 alteroque

177 3661 336 3747 scriptore
368 3657 483 3723 Graeco
506 3655 683 3723 ostendam.
732 3658 839 3739 Quum
871 3655 964 3723 facile
995 3657 1161 3743 negotium
1189 3656 1232 3720 sit
1263 3661 1367 3720 osten-

178 3765 256 3832 dere
273 3764 334 3829 boe
347 3765 379 3828 in
392 3762 549 3850 scriptore
569 3762 727 3850 quolibet,
751 3765 807 3851 qni
832 3763 974 3830 deseruit
994 3761 1101 3849 populi
1127 3761 1274 3828 vitiosam
1294 3781 1368 3828 con·

180 3868 407 3945 suetudinem,
439 3875 476 3934 ut
504 3888 538 3935 se
563 3876 666 3936 totum
691 3870 730 3937 ad
752 3869 927 3937 Atticorum
954 3868 1167 3935 imitationem
1199 3888 1368 3954 compone·

181 3983 251 4052 ret,
283 3972 450 4039 ostendam
473 3994 561 4041 nune
593 3974 627 4040 in
652 3976 795 4054 duobus,
820 3977 876 4064 qui
904 3984 936 4042 et
960 3995 1088 4042 summo
1122 3974 1230 4041 studio
1252 3975 1287 4041 τὸ
1311 3977 1368 4042 dr·

182 4080 308 4163 τικίζειν
340 4078 549 4146 excoluerunt
580 4089 611 4147 et
636 4081 668 4147 in
696 4084 842 4149 omniurn
874 4081 1024 4148 manibus
1047 4087 1141 4159 sunt,
1173 4079 1369 4166 exemplaria

183 4185 333 4252 videlicet
353 4185 468 4250 nitoris
491 4193 523 4251 et
552 4188 731 4253 venustatis
754 4187 875 4255 Atticae
901 4187 1040 4254 feliciter
1063 4185 1220 4253 imitando
1241 4206 1370 4274 expres·

187 4310 259 4371 sae,
285 4298 319 4358 et
347 4289 482 4357 obeam
513 4309 583 4357 rem
613 4292 789 4360 multorum
815 4295 904 4360 curis
926 4295 991 4359 iam
1015 4292 1138 4358 dudum
1165 4292 1317 4359 illustrati
1338 4301 1372 4359 et

185 4396 407 4466 recentissima
438 4398 595 4464 memoria
626 4417 645 4464 a
675 4400 801 4486 magnis
832 4399 1000 4486 philologis
1031 4397 1071 4465 de
1107 4419 1188 4464 novo
1217 4398 1372 4486 expoliti,

189 4504 398 4571 Αιοιιιιιιοιιιιι
421 4501 494 4569 dieo
516 4510 548 4568 et
571 4501 744 4582 buerannn,
768 4525 906 4591 quorum
928 4504 1015 4572 bunc
1045 4505 1206 4571 Brrnnnus
1227 4503 1373 4591 nuperri-

190 4626 262 4686 me,
295 4607 386 4674 illum
417 4608 587 4674 blrrnsnrns
610 4609 704 4696 paulo
734 4621 808 4677 ante
832 4610 943 4678 edidit.
990 4610 1193 4696 neutroque
1216 4611 1375 4693 scriptore

192 4714 237 4781 ila
265 4714 390 4791 dicam,
416 4722 451 4779 ut
485 4713 701 4782 demonstrem
734 4718 875 4803 primum
905 4737 1002 4806 quam
1037 4735 1151 4803 parum
1176 4715 1242 4780 sint
1272 4711 1304 4776 id
1326 4730 1375 4777 as·

194 4820 315 4898 sacnti,
340 4819 423 4905 quod
444 4839 569 4890 summa
592 4842 651 4910 ope
671 4821 875 4903 nitebantur,
899 4823 1002 4890 idest
1027 4829 1063 4886 ut
1083 4821 1201 4885 Atticae
1224 4816 1376 4883 dictionis

1171 4930 1184 4964 2
1200 4926 1207 4942 .
