3309 5750
740 653 781 716 97

167 829 219 895 15.
252 845 284 912 p.
305 825 384 892 111.
417 821 498 900 ὅπως
525 826 703 905 βιώσητωι,
742 833 794 893 51.
817 847 848 913 p.
872 830 948 892 518.
974 819 1054 898 ὅπως
1083 822 1275 902 τεόξωνται,
1299 829 1353 894 51.

164 954 197 1021 p.
222 936 299 998 1111.
323 928 404 1006 ὅπως
427 934 639 1015 Φανήσωνται.
665 933 790 1000 Drusus
811 933 918 998 fluere.
940 930 964 995 1.
990 935 1042 996 15.
1067 927 1147 1004 ὅπως
1168 929 1358 1010 σννοὶξωσιν,

168 1038 222 1105 lv.
247 1042 301 1104 75.
326 1033 407 1110 ὅπως
437 1039 481 1116 μή
501 1036 624 1103 κάθοδον
648 1036 773 1114 ἕξωσιν,
799 1037 851 1104 VI.
871 1042 923 1103 ur.
948 1032 1028 1110 ὅπως
1051 1034 1228 1112 κατήξωσιν
1251 1047 1284 1103 et
1303 1042 1357 1104 58.

165 1140 247 1219 ἴσως
277 1145 323 1223 μή
352 1145 454 1226 λήση,
484 1142 602 1228 quihus
636 1141 794 1229 permulta
822 1141 884 1207 alia
919 1140 1092 1215 adderem,
1126 1143 1153 1206 si
1187 1149 1254 1207 tarn
1282 1141 1359 1208 utile

168 1269 265 1337 quam
297 1248 389 1315 faede
421 1247 512 1314 duret.
546 1248 718 1314 Grassatur
740 1246 824 1313 idem
858 1247 979 1314 malum
1003 1250 1036 1313 iu
1063 1246 1176 1333 oplinri
1203 1248 1359 1332 cuiusque

166 1355 264 1424 Aurei
285 1352 456 1420 Godieibus
483 1360 515 1418 et
542 1352 754 1419 Editiouihus.
809 1352 892 1435 Quia
916 1354 1133 1419 Bruusruusus
1156 1350 1196 1416 ad
1227 1372 1359 1418 manum

165 1470 236 1535 est,
274 1479 330 1547 pru
352 1458 502 1528 omuibus
531 1458 610 1524 mihi
643 1459 863 1525 testimonium
894 1458 1002 1523 dieite.
1050 1457 1127 1523 Sine
1159 1457 1357 1524 barbarismo

168 1573 339 1653 peecatum
365 1573 436 1640 est,
463 1584 494 1650 p.
520 1569 559 1638 9,
584 1569 634 1629 17.
660 1565 855 1642 βοηθήσητε,
875 1571 963 1629 reete
991 1563 1160 1641 βοηθήσετε
1186 1563 1357 1629 Berrurus.

173 1675 237 1750 18,
264 1675 315 1736 10.
347 1667 427 1743 ὅπως
451 1671 496 1748 μή
520 1668 676 1747 δόξωμεν,
710 1669 794 1735 idem
824 1668 962 1747 δόξομεν.
996 1672 1061 1744 19,
1090 1675 1118 1734 1.
1150 1666 1231 1742 ὅπως
1260 1669 1361 1735 σώσω·

168 1800 250 1852 μεν,
276 1784 443 1863 receptum
468 1783 516 1839 est
540 1776 699 1853 σώσομεν,
726 1779 786 1848 45,
813 1778 865 1840 10.
886 1770 966 1847 ὅπως
986 1776 1030 1852 μή
1048 1775 1216 1857 ποιήσητε,
1240 1774 1361 1839 Burru-

167 1901 225 1948 uus
260 1879 342 1947 bene
372 1883 526 1958 ποιήσετε.
585 1879 780 1945 Barbarismi
807 1888 962 1966 apparent
986 1900 1018 1966 p.
1043 1884 1103 1956 21,
1132 1884 1180 1946 18.
1206 1875 1287 1952 ὅπως
1316 1880 1362 1958 μή

169 1989 290 2070 θροῦσι,
313 1986 347 2050 iu
369 1986 501 2070 antiquo
522 1983 681 2051 Marciano
703 2005 741 2051 ex
765 1984 929 2050 Adicimus
952 1993 1095 2051 correcto
1118 1984 1235 2072 duplex
1261 1985 1363 2071 serip-

170 2101 246 2159 tura
276 2090 382 2158 fertur
402 2092 499 2173 ἐροῦσι
523 2098 556 2155 ει
579 2111 677 2177 supra
697 2091 854 2176 seriptum
879 2091 986 2171 ἐρῶσι,
1017 2090 1155 2156 nrirIsrea
1180 2089 1281 2156 surma
1306 2109 1363 2176 pru

175 2197 306 2274 εἵπωσι,
330 2217 360 2283 p.
375 2200 439 2273 ⁶28,
460 2201 491 2264 6.
516 2192 596 2270 ἴσως
611 2199 656 2275 μή
676 2197 862 2275 πεισόμεθα,
879 2198 910 2260 in
934 2195 1044 2261 multis
1061 2197 1256 2274 πεισῶριεθα,
1268 2201 1362 2281 psso,

173 2306 226 2370 19.
249 2299 327 2377 ὅπως
345 2305 389 2381 μή
412 2300 630 2384 προωξόμεθα,
650 2301 703 2366 alii
723 2301 795 2366 libri
817 2300 1043 2384 τροαξήιμεθα,
1063 2302 1159 2367 etsie
1180 2321 1236 2388 per
1251 2322 1363 2369 amnes

172 2407 289 2474 Aruas
312 2417 519 2493 caeterosque
550 2406 634 2471 idem
658 2406 777 2472 malurn
801 2416 987 2492 grassatur,
1013 2425 1107 2491 saepe
1127 2425 1145 2472 a
1166 2407 1291 2471 criticis
1314 2428 1363 2473 sa·

171 2519 304 2589 natum,
328 2514 456 2599 saepius
479 2512 598 2599 passim
615 2511 803 2577 sanandum.
852 2511 1007 2598 Exempla
1033 2519 1068 2576 ut
1089 2511 1172 2597 apud
1191 2510 1291 2588 alios,
1316 2513 1365 2578 sie

170 2617 257 2707 apud
274 2618 430 2686 Lucuuuu
454 2625 519 2683 lam
537 2637 654 2703 magno
673 2637 807 2684 numeru
827 2617 946 2704 legenti
966 2625 1137 2682 occurrent
1161 2625 1197 2682 ut
1220 2614 1364 2684 iudicare

169 2743 234 2791 uuu
259 2724 303 2790 sit
325 2743 429 2810 upus;
460 2721 617 2808 defungar
641 2743 705 2788 uno
729 2732 760 2789 et
788 2722 889 2789 alteru
919 2723 952 2787 iu
978 2727 1040 2796 70,
1078 2726 1130 2787 30.
1162 2718 1243 2794 ἴσως
1274 2722 1362 2788 αὐτοὶ

170 2830 349 2913 χρήσωνται
374 2838 406 2895 et
427 2834 480 2896 55.
503 2830 594 2912 δρᾶτε
621 2825 671 2896 οὖν
699 2826 779 2904 ὅπως
803 2829 915 2910 μηκέτι
940 2829 1024 2908 ὑμᾶς
1045 2825 1247 2895 αἰτιάσονται
1272 2827 1363 2894 ἑλλοὶ

169 2936 325 3015 τιμήσωσι
349 2935 401 3000 καὶ
426 2938 599 3018 φινήσωσι,
622 2956 682 3000 auu
705 2937 813 3001 minus
842 2934 920 3000 haee
948 2943 1024 2999 sunt
1044 2933 1243 3000 emendanda
1265 2954 1362 3021 quam

171 3038 258 3127 quod
291 3038 410 3125 legitur
443 3039 466 3129 §
492 3048 542 3106 11.
572 3041 900 3124 παρασκευαζομένους
927 3037 1007 3114 ὅπως
1033 3040 1142 3106 θύσωσι
1165 3039 1217 3106 καὶ
1244 3043 1363 3122 εὐωχή·

171 3168 309 3222 σωνσαι,
333 3146 410 3231 quia
431 3148 622 3227 εὐωχηθῆναι
651 3147 801 3213 Graecum
820 3154 869 3214 est
885 3148 1153 3230 εθεύοχήσσοσθαι
1178 3145 1363 3213 barbarum.

218 3250 288 3317 Non
310 3251 419 3316 minus
443 3250 593 3337 frequens
614 3261 661 3316 est
684 3253 866 3319 scribarum
895 3272 986 3317 error
1009 3253 1043 3318 in
1065 3251 1235 3316 infinitivis
1251 3251 1364 3317 aoristi

174 3375 234 3443 pro
264 3353 400 3423 futuris.
445 3357 647 3442 deceperunt
670 3376 781 3424 omues
812 3356 1041 3443 propemodum
1065 3357 1213 3431 criticos,
1236 3357 1293 3442 qui
1317 3356 1364 3421 iu·

175 3462 266 3548 genti
290 3460 509 3548 exemplorum
546 3462 886 3547 numero-expugnati
914 3459 1024 3529 faudes
1058 3459 1195 3527 eredunt
1227 3461 1365 3527 auristos

173 3566 329 3635 infinitivi
353 3568 460 3634 nescio
483 3566 642 3653 quomedo
673 3573 804 3653 repente
840 3565 943 3633 futuri
973 3566 1128 3652 temporis
1158 3565 1365 3652 significatio·

173 3691 249 3738 uum
268 3680 381 3739 naeuus
404 3692 482 3740 esse.
523 3672 614 3759 Apud
629 3671 985 3758 quuruuuruulegdur
1001 3673 1033 3739 in
1058 3670 1182 3737 Ηοθθοο.
1208 3670 1246 3738 V.
1269 3691 1310 3737 ιν.
1333 3677 1365 3742 7.

175 3780 201 3845 ε1
222 3778 256 3844 δὲ
274 3780 429 3860 λήψονται
453 3781 510 3856 τήν
533 3779 623 3861 θύραν
640 3778 838 3862 ἀνεῳγμένην
859 3778 1033 3856 ἠπείλησαν
1057 3779 1239 3843 ἀποκτεῖναι
1259 3774 1377 3843 ἅπαν.

174 3908 235 3959 τας
256 3886 329 3959 τοὺς
359 3887 390 3950 ἒν
413 3895 452 3968 τῇ
475 3884 577 3968 adulat,
608 3884 742 3951 retinuit
769 3886 953 3951 οὶτοιιτεῒναι
971 3884 1169 3961 ursmarus,
1197 3884 1253 3969 qui
1278 3883 1366 3949 simi·

177 3987 222 4056 lia
246 3990 362 4057 menda
392 3991 493 4076 perite
519 3999 702 4055 correxerat
735 3989 768 4054 in
796 3990 934 4067 ricinia,
959 3989 994 4055 V.
1026 4011 1046 4055 r.
1072 3993 1125 4055 51.
1159 3992 1214 4056 οὐκ
1235 3988 1297 4074 ἔφη
1322 3989 1369 4056 δή·

174 4094 290 4173 ξασθαι
309 4095 380 4168 τοὺς
403 4091 505 4176 δ’ριιονρ
528 4095 582 4161 ἐὰν
605 4098 649 4175 μή
671 4095 801 4173 ὀμνύωσι
822 4098 888 4162 κτὲ.
914 4104 946 4162 et
969 4101 1023 4162 55.
1047 4094 1249 4175 θμωμθιιεσαν
1266 4095 1367 4176 ἐμμέ·

178 4225 239 4268 νειν
256 4209 297 4283 σή
318 4201 427 4284 εἰρήνη.
456 4199 492 4265 V.
508 4221 553 4267 ιιι.
570 4205 622 4266 16.
642 4200 812 4279 ὀμόσαντες
824 4203 947 4276 ταύτας
971 4201 1132 4282 ἐμμένειν,
1150 4199 1228 4266 bene
1246 4200 1368 4288 recepit

176 4305 316 4384 δέξεσθαι
340 4314 373 4371 et
398 4307 553 4384 ἐμμενεῖν.
591 4305 749 4384 Δέξασθαι
775 4308 819 4373 ita
846 4307 976 4373 demum
996 4315 1083 4373 recle
1107 4304 1256 4383 habebit,
1281 4306 1367 4371 siin

176 4418 265 4478 reeta
290 4411 434 4476 oratione
457 4410 537 4477 hene
558 4411 683 4477 dicetur
705 4411 880 4493 ἐδεξοθμην,
904 4421 937 4478 ει
958 4413 1125 4477 Aeusruuus
1144 4410 1232 4496 ipse,
1253 4410 1367 4488 credo,

178 4515 306 4583 dixerat
322 4518 356 4581 οὐ
377 4514 504 4594 δέξομαι
521 4518 592 4592 τοὺς
616 4514 717 4600 ὅρκους
738 4520 793 4583 ἐὰν
810 4521 854 4597 μή
876 4518 1075 4596 burdam
1099 4534 1197 4601 quam
1221 4516 1366 4600 ineptum

180 4632 211 4689 et
231 4619 408 4688 absurdum
433 4627 482 4685 est
505 4642 578 4687 eum
603 4625 636 4688 in
661 4644 698 4690 ea
719 4644 754 4690 re
775 4623 929 4701 εῒεξοὶμην
948 4621 1100 4688 inducere
1124 4619 1286 4685 dicentem
1298 4625 1364 4684 tam

181 4728 331 4794 vitiosum
355 4736 383 4794 ed
404 4725 558 4794 absuuum
584 4738 630 4796 est
651 4729 801 4807 ’δέξασθαι
821 4750 877 4815 pru
897 4729 1035 4806 δέξεσθαι
1050 4737 1081 4794 et
1100 4726 1272 4804 dardanum
1292 4725 1368 4789 οξτο·
