3309 5750
789 636 854 701 323

239 830 392 909 occurrit,
411 831 446 894 ut
465 830 525 906 26,
548 829 590 893 22
609 831 770 907 γαμεῖται
786 839 818 892 et
841 836 946 907 γαμεῖ
959 829 1017 894 ubi
1034 827 1135 895 codex
1160 829 1193 897 d.
1210 833 1410 898 σννονσιῖιται

238 948 270 1001 et
299 942 444 1019 σννονσιρῖ
469 932 625 1013 exhibet,
660 932 747 1023 quod
774 933 870 999 etiarn
901 934 1006 999 multo
1028 937 1119 1025 peius
1140 948 1204 1015 est,
1228 949 1261 1002 et
1286 940 1343 1015 42,
1369 938 1412 1002 32

238 1042 294 1115 rin
320 1042 351 1105 δὲ
377 1048 516 1119 γυναῖκα
543 1042 585 1113 εἰς
612 1040 668 1113 τὴν
688 1039 760 1104 ὁδόν·
778 1038 962 1119 ἀνατρέψας
987 1049 1107 1118 γαμεῖν
1132 1042 1300 1120 ἐβούλετο,
1325 1041 1414 1131 quod

241 1168 305 1210 non
326 1146 475 1227 studens
496 1144 688 1211 dictumest
708 1143 763 1209 sed
782 1165 896 1235 spurce
916 1156 947 1209 et
967 1145 1096 1234 plebeio
1116 1169 1206 1212 more
1225 1170 1284 1237 pro
1303 1148 1414 1225 tilleto.

243 1254 302 1329 46,
336 1254 379 1315 20
400 1251 554 1319 ςασιοόσαι
577 1274 635 1341 pro
657 1250 825 1329 διαβαλεῖν
846 1251 1010 1318 transitive
1030 1252 1240 1331 dictumest,
1263 1251 1416 1343 pessime;

240 1368 272 1422 et
302 1356 427 1448 saepius
457 1356 607 1424 Graeculi
632 1356 793 1440 ςασιόζειν
819 1356 926 1423 dixere
947 1358 1284 1448 praedestinando.
1311 1360 1371 1435 tt,
1396 1362 1416 1423 5

239 1463 439 1541 ἐπιγελῶσαν
470 1464 556 1554 apud
588 1474 706 1529 veteres
734 1475 781 1529 est
806 1465 1034 1544 arridentem,
1058 1469 1305 1545 προσγελῶσαν,
1330 1460 1417 1552 apud

241 1568 403 1657 sequiores
420 1571 575 1648 ἐπιγελᾶν
593 1581 641 1635 est
660 1574 867 1649 καταγελᾶν,
888 1572 1092 1649 ἐπεγγελᾶν,
1111 1569 1319 1659 negligenter.
1339 1573 1357 1656 §
1376 1572 1417 1633 13

240 1672 325 1739 male
354 1673 474 1741 iudices
503 1676 655 1742 dicuntur
680 1676 788 1757 κρίνειν
814 1699 873 1767 pro
894 1674 1029 1759 δικάζειν
1050 1676 1082 1741 in
1103 1677 1191 1741 ἐννέα
1211 1674 1415 1757 κρινότοισαν.
1456 1709 1458 1718 ·

239 1784 257 1866 §
281 1782 321 1844 16
339 1781 405 1859 ἐμοὶ
424 1781 583 1863 revetra,
602 1794 724 1849 veteres
738 1785 844 1864 ῥυῆναι
864 1778 977 1846 dicunt
992 1793 1024 1846 et
1040 1783 1222 1863 ῥυήσεσθαι,
1242 1780 1295 1846 isti
1310 1784 1416 1862 ῥεῦσαι

239 1895 271 1949 et
289 1884 460 1966 ῥεύσεσόαι.
482 1891 499 1974 §
521 1890 560 1950 17
582 1888 725 1967 οῖνέννφα
748 1886 911 1954 transitive
931 1886 1054 1953 dietum
1074 1883 1121 1952 est
1134 1898 1249 1963 eontra
1265 1887 1417 1976 antiquo-

238 2014 309 2056 rum
342 2013 453 2070 usum,
477 1992 594 2081 quibus
623 1994 794 2075 ἀνανήφειν
828 2004 876 2058 est
896 1993 946 2058 od
961 1995 1127 2058 meliorem
1138 1996 1282 2083 frugem
1302 1994 1419 2057 redire

239 2108 271 2163 et
289 2096 425 2177 οένέννφε
435 2097 675 2186 frngisootns
694 2106 753 2163 est.
771 2100 789 2182 §
807 2102 851 2163 33
868 2098 1065 2176 ἀποισόμενοι
1084 2099 1135 2163 τόν
1153 2098 1278 2176 μισθόν,
1295 2110 1416 2163 veteres

238 2202 382 2272 οἴσοντες.
406 2207 424 2288 §
446 2205 489 2266 34
510 2204 541 2274 ἐς
569 2204 621 2266 τόν
648 2203 829 2282 οὶνόρόπινον
849 2202 976 2284 τρόπον,
1001 2224 1093 2292 seepe
1112 2202 1165 2266 sio·
1178 2201 1362 2280 Lucanos,
1382 2213 1418 2268 ut

241 2311 279 2386 6,
305 2310 320 2372 l
344 2308 374 2377 ἐς
398 2306 505 2387 όρνιόος
525 2307 652 2388 τρόπον,
679 2311 738 2385 22,
763 2312 782 2372 4
803 2311 834 2381 ἐς
858 2309 910 2372 τόν
935 2310 1069 2372 πωλικόν
1087 2308 1218 2388 τρόπον,
1245 2312 1303 2386 47,
1322 2313 1364 2374 27
1385 2310 1416 2381 ἐς

239 2414 290 2479 τὸν
317 2410 476 2492 Ἀσσύριον
508 2412 636 2493 τρόπον,
673 2425 795 2478 veteres
825 2414 1095 2504 praepositionem
1130 2413 1293 2478 omittunt.
1314 2415 1417 2491 49,9

238 2517 281 2582 τόν
297 2511 381 2581 ύόλα
403 2516 567 2589 διαθεῖναι,
592 2528 713 2582 veteres
732 2520 839 2585 όεῖναι.
861 2525 879 2606 §
903 2522 941 2584 ll
960 2520 1074 2601 ζημίας
1090 2517 1278 2597 ε’ποόγονσιν,
1297 2530 1418 2583 veteres

239 2620 427 2686 ἐπιτιθέασιν
457 2632 490 2684 et
514 2619 646 2693 όοόνατος
677 2622 833 2687 ἐπίκειται
859 2626 876 2699 ἡ
898 2624 1003 2706 ζνμιά
1028 2633 1060 2687 et
1081 2622 1148 2687 sim.
1171 2626 1233 2699 51,
1259 2625 1275 2687 1
1299 2623 1416 2701 ἀνύειν,

242 2724 341 2791 Attioi
370 2725 506 2791 n‘vdrnr.
537 2728 554 2811 §
588 2729 608 2789 2
637 2727 733 2806 μηδὲν
760 2727 864 2807 όντες,
889 2729 939 2794 illi
963 2730 997 2793 τό
1023 2729 1129 2807 μηδὲν.
1156 2733 1417 2815 ςὸπαρακινεῖν

239 2832 347 2923 posuit
363 2853 423 2921 pro
438 2832 652 2919 desertionem
668 2834 803 2915 moliri,
821 2833 978 2925 signifieat
997 2832 1081 2899 idem
1102 2831 1190 2924 quod
1206 2832 1415 2915 παραπαίειν,

237 2943 469 3019 παραφρονεῖν,
492 2942 656 3005 insanire.
688 2943 705 3025 §
730 2943 771 3008 16
789 2951 957 3030 σκορακιεῖ
980 2939 1144 3031 plebeium
1166 2937 1298 3004 verbum
1317 2946 1366 3002 est
1383 2947 1417 3001 et

239 3042 418 3122 novicium,
454 3043 556 3109 Attici·
586 3045 616 3116 ἐς
657 3045 792 3125 κόρακας
826 3047 952 3111 ἀπιέναι
994 3044 1150 3124 κελεύειν,
1186 3043 1259 3110 side
1291 3042 1418 3108 Lrsmr

239 3147 328 3214 XIII.
359 3151 412 3214 81.
460 3147 499 3213 lu
529 3156 591 3229 52,
618 3152 659 3215 15
685 3159 799 3227 γελοῖα
824 3161 922 3225 ποιεῖς
951 3155 1071 3221 οέπιςῶν
1097 3150 1238 3228 ἅπασιν,
1261 3148 1417 3214 debuerat

240 3252 458 3330 καταγέλαςα
487 3263 584 3327 ποιεῖς
609 3255 764 3334 seribere,
791 3255 869 3322 utri
896 3258 1106 3335 καταγέλαςε
1130 3261 1192 3336 37,
1216 3261 1259 3321 25
1286 3267 1318 3320 et
1339 3252 1417 3318 alibi

238 3352 346 3448 proci
383 3364 510 3433 γελοῖε,
546 3356 633 3446 quod
666 3359 804 3448 quisque
835 3359 930 3425 laoile
951 3360 1031 3424 seire
1051 3371 1178 3448 poterat
1200 3384 1237 3425 er
1256 3360 1417 3450 frequenti

239 3487 299 3530 usu
329 3475 486 3540 veterum,
518 3476 549 3528 et
579 3464 651 3553 quis
679 3487 744 3530 non
772 3466 920 3532 meminit
946 3488 978 3529 se
999 3465 1031 3528 in
1060 3465 1223 3533 Puarours
1241 3466 1417 3558 Symposio

242 3568 487 3660 Aristophanem
519 3569 644 3634 audisse
675 3569 835 3636 dicentem
865 3595 895 3662 p.
929 3573 1002 3637 189.
1029 3570 1063 3635 Β.
1088 3571 1253 3663 φοβοῦμαι
1276 3573 1341 3637 οὔτι
1371 3573 1416 3650 μὶν

238 3684 353 3756 γελοῖα
376 3674 453 3740 aloru
471 3674 561 3739 οἷλλόο
585 3676 629 3753 nit
654 3675 883 3753 καταγέλαςα.
931 3674 969 3738 ln
994 3675 1200 3762 lysistroto,
1217 3698 1258 3741 us.
1283 3678 1360 3741 907.

489 3773 509 3841 ὦ
536 3779 762 3858 καταγέλας’,
788 3778 923 3844 ἐναντίον
946 3785 1000 3844 τοῦ
1025 3779 1166 3853 antliam

238 3886 264 3951 si
285 3881 305 3949 ὦ
330 3868 437 3962 γελοῖε
457 3882 604 3962 dixisset,
634 3884 716 3948 nihil
736 3883 872 3950 dixisset.
920 3885 1089 3951 Locutus
1111 3896 1216 3951 tamen
1236 3887 1417 3978 saepissime

240 4000 412 4077 utrumque
435 3989 518 4052 male
539 3989 727 4069 confundit,
752 3991 826 4080 quia
848 3991 997 4080 aequales
1018 4013 1128 4055 omnes
1145 3993 1327 4081 promiscue
1346 4005 1416 4059 nte-

237 4097 365 4161 bantur.
413 4093 545 4158 Mordar
567 4092 709 4162 Garours
728 4097 850 4162 dictum
872 4098 904 4161 in
928 4096 1139 4163 Crornornu:
1170 4105 1269 4188 qnam
1288 4102 1416 4166 ra'dioo-

239 4205 305 4267 lum
326 4202 480 4267 habemns
504 4197 700 4269 Consulem!
734 4202 901 4268 ridebatur
928 4204 1106 4292 significare
1129 4207 1167 4276 ὥς
1194 4214 1316 4283 γελοῖον
1342 4206 1415 4288 ἐχοὲ

238 4330 297 4386 μεν
322 4305 456 4389 ὕπατον,
487 4318 519 4371 nt
540 4305 670 4371 solebat
690 4306 796 4372 dicere
821 4311 860 4379 ιύο
887 4307 1113 4387 καταγέλαςον
1140 4308 1265 4376 ὕπατον,
1285 4310 1413 4392 ἔχομεν.

240 4412 480 4490 PuuraucnUS,
501 4412 557 4502 qui
575 4412 632 4476 illo
653 4411 749 4477 modo
769 4414 878 4490 vertit,
895 4411 978 4476 risus
994 4422 1041 4476 est
1057 4414 1243 4503 aequalibus
1258 4416 1294 4480 τὸ
1310 4415 1415 4497 οέμφό-

240 4519 333 4596 βολον
356 4539 502 4583 servasse.
543 4525 560 4608 §
580 4522 632 4584 32.
657 4519 692 4583 τὸ
718 4525 792 4598 γοῦν
814 4523 868 4584 τοῦ
896 4517 992 4596 λόγον
1012 4519 1108 4585 ἐκεῖνο
1133 4520 1281 4602 όινόρακες
1303 4521 1414 4598 iniri

240 4621 387 4701 όνσανρόο
403 4621 566 4704 πέφηνας,
588 4624 711 4689 Atticus
729 4623 939 4707 οὶναπέφκναο
957 4622 1095 4704 dixisset,
1112 4649 1186 4691 nam
1202 4623 1316 4714 siquid
1327 4647 1416 4714 spem

239 4736 271 4790 ot
302 4725 485 4815 opinionem
514 4727 631 4795 tarenta
661 4753 725 4796 non
750 4735 889 4812 φανῆναι
913 4728 1031 4796 dicitur
1051 4729 1084 4795 id
1102 4731 1193 4822 quod
1220 4752 1284 4796 non
1305 4753 1415 4820 exspe-
