3309 5750
757 641 798 705 ῖῖ

193 834 269 884 saus
288 815 456 901 operiebat.
502 814 716 881 Pneeronares
734 813 820 900 apuu
846 813 943 880 usne.
967 813 1079 878 Αιιοοιῖ.
1102 813 1125 880 l.
1150 833 1178 900 p.
1197 816 1275 880 599.

368 920 464 994 οὐδεὶς
487 920 550 1003 γὰρ
573 919 695 1002 ῖδέχετ’
719 921 780 988 οὐδ’
803 919 923 1001 ἀνέῳγέ
946 942 997 997 μοι
1022 918 1121 998 θύραν.

188 1023 251 1106 Qui
271 1024 311 1091 ab
337 1023 523 1092 Oratoribus
547 1025 658 1096 Atticis
678 1034 711 1090 et
731 1024 870 1090 Comiois
900 1031 931 1089 el
964 1022 1102 1088 Patrone
1133 1022 1245 1092 Graece
1272 1021 1368 1090 eliseit

186 1128 281 1196 laoile
299 1128 361 1196 boo
380 1130 632 1207 animadvertet,
652 1129 738 1196 docti
767 1128 970 1194 Grammatiei
994 1136 1196 1194 notaverunt.
1219 1128 1368 1194 Lucienus

186 1235 255 1319 ipse
284 1235 316 1300 in
343 1237 552 1319 ψευδοσοφιςή
585 1233 610 1323 S
642 1240 672 1300 8.
698 1236 744 1300 ita
775 1233 960 1300 ludificatur
987 1230 1225 1318 magistellum‚
1256 1232 1311 1319 qui
1334 1253 1369 1300 ae

184 1341 333 1426 quemvis
351 1341 578 1408 soloecismum
597 1341 707 1406 statim
723 1339 959 1426 deprehendere
976 1337 1130 1404 iactabat:
1155 1341 1172 1414 ή
1193 1338 1257 1419 γὰρ
1280 1338 1368 1418 θύρα

185 1446 300 1527 σχεδὸν
330 1445 481 1527 ἀνέῳγῖ
512 1468 571 1509 σοι.
594 1482 639 1494 -
662 1446 727 1511 εῖσὲ
748 1445 849 1524 μόνον.
873 1481 916 1498 ·-
939 1446 1016 1509 ἀλλ’
1036 1439 1132 1510 εῖτον.
1157 1484 1199 1496 -
1223 1444 1305 1509 οὐδέν
1328 1466 1368 1520 γε

189 1548 240 1619 ὅς’
262 1550 320 1627 ἐμὲ
334 1552 466 1629 μαθεῖν.
488 1589 533 1604 ·-
554 1551 588 1615 οῦ
616 1550 680 1631 γάμ
705 1549 817 1629 ῖμαήες
838 1550 873 1614 τὸ
897 1550 1078 1630 ἀνῖῳγενς
1102 1551 1222 1614 -οῦκ
1245 1547 1368 1626 ἔμαθον.

191 1654 235 1720 nt
256 1652 343 1722 idem
368 1654 464 1720 huius
486 1656 534 1722 rei
560 1655 728 1724 immemor
750 1653 938 1741 imprudens
964 1658 996 1720 in
1023 1653 1191 1722 scribendo
1222 1651 1371 1740 aequales

191 1758 340 1842 sequitur
367 1765 429 1836 10,
453 1763 491 1833 6,
520 1766 547 1825 1.
577 1764 632 1825 τοῦ
655 1761 819 1843 σκαφιδίου
844 1760 887 1826 τοὶ
908 1761 1080 1843 ἀνεῳγότα.
1106 1764 1171 1836 49,
1198 1763 1251 1826 29.
1280 1760 1370 1840 ἀνεῳ-

186 1859 260 1938 γόσι
283 1871 347 1936 τοῖς
372 1864 511 1942 σώμασιν
534 1871 565 1929 et
584 1867 638 1928 66.
661 1868 680 1930 b
703 1865 737 1940 ήν
761 1891 826 1940 τοις
850 1868 1023 1948 ἀνεῳγυῖαν
1046 1866 1092 1932 ἔτι
1110 1868 1166 1942 τήν
1190 1864 1370 1945 satalenus

185 1964 440 2045 καταλάβιομεν,
460 1974 492 2034 et
512 1967 561 2034 llis
580 1967 661 2033 illud
682 1969 787 2054 ipsum
807 1970 942 2053 ἀνέῳγεν
962 1975 979 2048 ή
1001 1972 1084 2054 θύρα.
1106 1977 1159 2038 lu.
1197 1976 1240 2038 50
1260 1980 1292 2036 el
1314 1972 1368 2036 52.

183 2070 306 2138 Eodem
333 2072 427 2139 modo
455 2091 548 2158 saepe
582 2073 717 2141 meliora
743 2095 807 2142 nou
839 2076 985 2144 nesciens
1006 2080 1154 2163 sequitur
1186 2075 1368 2146 deteriora.

185 2175 348 2263 plerisque
369 2176 520 2244 omnibus
545 2177 657 2244 eadem
681 2179 901 2265 peccantibus.

227 2282 316 2350 Nihil
343 2281 574 2370 propemodum
603 2303 736 2360 eorum,
768 2304 851 2371 quae
886 2286 918 2350 in
950 2293 1139 2353 Aecrruaoan
1165 2282 1370 2372 reprehendi·

185 2407 282 2466 mue,
315 2408 377 2453 non
412 2397 461 2453 est
485 2387 570 2454 idem
595 2407 613 2454 a
644 2389 773 2454 Lucumo
794 2391 1023 2464 commissum,
1046 2394 1100 2476 qui
1129 2409 1370 2474 nonnumquam

184 2494 218 2564 iu
240 2491 355 2560 iisdem
382 2493 606 2579 incorruptum
632 2514 725 2559 usunr
750 2495 902 2579 antiquae
924 2494 1052 2578 linguae
1071 2496 1209 2568 retinet,
1237 2491 1373 2560 subinde

184 2598 227 2666 ad
251 2599 401 2664 vitiosam
433 2598 617 2684 aequalium
649 2599 915 2665 consuetudinem
939 2599 1093 2666 deflectit.
1149 2599 1288 2666 Verbum
1312 2622 1373 2677 γα·

188 2711 262 2786 μεῖν
296 2703 392 2770 babet
435 2702 521 2790 apud
560 2713 683 2769 veteres
721 2703 779 2769 bas
809 2703 949 2771 lorrnas:
990 2712 1107 2784 γαμῶ,
1148 2711 1266 2783 γαμῶ,
1300 2704 1373 2782 ἔγν-

185 2833 254 2891 μοι,
287 2807 464 2890 γεγάμήκοι
488 2818 520 2875 et
552 2814 741 2889 γαμοῦμαι,
768 2811 869 2888 nubo,
892 2817 1083 2892 γαμοῦμαι,
1109 2809 1297 2891 ἐγνμάμήν,
1321 2833 1375 2888 γε·

187 2914 361 2995 γάμνμοιιο
386 2915 472 3001 ιηιιιιΙ
501 2918 663 3002 aequiores
687 2925 804 2997 γαμῶ,
837 2921 995 2998 γαμήσει,
1020 2917 1193 2998 ἒγάμνσα,
1225 2915 1373 2996 γεγάμή·

183 3046 228 3089 κα
248 3029 282 3089 el
304 3026 489 3102 γαμοῦμαι,
512 3024 734 3101 γαμιιήήσομαι
759 3023 807 3088 vel
828 3026 1017 3104 γαμήσομιιι
1029 3074 1040 3103 ,
1058 3025 1244 3103 ἐγαμήθήν,
1273 3020 1374 3102 γεγά·

185 3151 306 3206 μήμοιι.
353 3126 535 3212 Numquam
560 3136 682 3193 volenes
706 3131 842 3209 γαμήσοι
875 3140 932 3196 aul
952 3129 1104 3209 ε’γάμήοα
1132 3138 1189 3195 aul
1213 3129 1373 3208 ἐγαμήῦήν

186 3241 246 3301 aul
268 3234 493 3312 actualisque
518 3239 574 3298 aut
597 3237 784 3313 γαμήσομαι
809 3234 972 3300 dixerunt.
1019 3235 1188 3301 lltlioistue
1209 3242 1242 3298 ol
1265 3233 1373 3299 lauera-

186 3358 245 3409 σοι
268 3337 432 3407 interdum
465 3337 630 3423 antiquos.
663 3339 851 3422 saepissimo
879 3337 1027 3421 aequales
1053 3347 1234 3422 sequuntur
1266 3356 1374 3400 orran-

188 3452 249 3513 tes.
298 3443 399 3530 Saepe
420 3443 556 3521 γαμήσει
590 3443 753 3517 occurrit,
777 3441 875 3507 semel
909 3448 1004 3519 γαμῶ
1028 3463 1158 3507 risorem
1186 3440 1316 3515 ιῖιιοοιιι,
1343 3440 1376 3504 in

192 3548 320 3615 Timone
343 3548 390 3637 (5.
418 3547 473 3636 tu)
494 3547 585 3613 ἀλλά
610 3571 662 3625 γα
670 3553 741 3627 μῦ,
765 3547 800 3622 ήν
819 3546 886 3626 διδῷ
908 3547 993 3620 θεὸς,
1019 3548 1050 3619 ἐς
1075 3544 1172 3610 νέωτα
1195 3545 1247 3609 καῖ
1268 3544 1377 3611 ταιδο·

188 3656 376 3733 ποιήσομαι,
390 3653 512 3719 librarii
532 3673 596 3719 non
620 3661 697 3718 sunt
709 3651 864 3736 suspicati
879 3649 1025 3717 loturum
1044 3670 1123 3735 esse,
1136 3657 1168 3715 et
1189 3649 1236 3714 sie
1257 3650 1376 3727 evasit,

187 3768 223 3829 al
245 3756 320 3825 vide
341 3757 419 3843 quill
442 3760 594 3826 continuo
611 3765 785 3843 sequeitur
812 3761 880 3823 Οὐκ
901 3753 969 3823 οῖδα
988 3759 1014 3824 εῖ
1035 3757 1233 3836 γαμήσεις
1262 3755 1329 3833 ἔτι,
1352 3755 1374 3823 ὦ

190 3863 299 3940 οὗτος,
325 3863 517 3938 τηλικαύτην
544 3867 617 3947 παρ’
638 3866 712 3943 ἐμοῦ
741 3865 867 3942 σλήγήν
894 3862 1068 3943 λαμβάνων
1084 3863 1221 3952 (corrige
1242 3862 1376 3953 λαβεῖν).

187 3971 251 4054 uui
274 3967 369 4035 modo
381 3975 476 4048 γαμῦ
489 3967 786 4048 6ῖιιοοοῑ,γαμεῖς,
806 3970 936 4055 opinor,
961 3969 1191 4047 submonuerat,
1214 3978 1248 4035 ut
1274 3970 1377 4037 solent

186 4081 213 4144 οῖ
236 4073 455 4158 εἰρωνευόμενοι
495 4073 591 4139 alicui
626 4095 684 4140 sua
704 4075 805 4160 ipsius
837 4075 931 4140 verba
963 4076 1120 4142 ooeinere.
1168 4073 1375 4142 Peoeaverint

185 4181 314 4251 librarii
330 4181 427 4246 etiam
451 4180 523 4245 aliis
542 4179 620 4245 loeis
643 4179 785 4265 aliquid,
806 4187 913 4245 tamen
937 4182 1064 4268 saepius
1086 4181 1119 4245 in
1148 4179 1216 4264 ipso
1243 4182 1377 4266 seriptu-

188 4310 225 4357 re
257 4284 354 4372 eulpa
374 4284 526 4351 haerebit.
575 4285 672 4352 Reeto
691 4285 810 4369 legitur
833 4284 941 4363 ἔγημα
965 4292 1003 4360 8,
1026 4291 1085 4361 16,
1111 4290 1139 4349 1.
1164 4293 1196 4350 el
1218 4294 1320 4364 γῆμον
1341 4287 1377 4352 in

187 4411 288 4461 uersu
314 4390 499 4457 hexametro
533 4392 706 4456 Annmuom
728 4392 911 4476 impostoris
943 4395 1006 4468 δῦ,
1030 4396 1083 4457 55.
1118 4390 1374 4475 eontra-passim

189 4499 329 4581 γαμήσει
361 4504 394 4561 el
418 4495 569 4576 tyrienses
602 4503 778 4583 apparent,
802 4505 838 4561 ul
866 4498 1046 4574 γαμήσειας
1071 4500 1114 4573 8,
1139 4500 1175 4568 5,
1200 4502 1229 4560 l.
1255 4502 1319 4569 51,
1343 4497 1375 4556 6.

193 4605 348 4686 γαμήσας
377 4607 441 4678 50,
472 4608 522 4669 15.
546 4604 704 4681 γαμήσεις
725 4608 789 4678 ol,
813 4607 843 4667 8.
868 4603 1024 4681 γαμήσειν
1050 4606 1114 4668 ol.
1137 4604 1168 4665 u.
1194 4604 1258 4674 67,
1284 4604 1325 4671 7,
1347 4598 1377 4660 u.

193 4712 336 4791 γαμήσει
369 4713 432 4781 61,
465 4711 519 4775 li.
545 4717 576 4773 et
602 4707 677 4773 alibi
701 4727 804 4793 saepe.
853 4708 949 4774 lleelo
981 4714 1088 4772 monet
1112 4706 1231 4771 l‘oneux
1250 4701 1303 4769 ΙΙΙ.
1327 4703 1379 4766 lb.
