3309 5750
858 651 925 713 stt

300 844 467 923 ἐπιδείξαιο
491 841 616 931 corrige
644 841 790 919 ἐπιδείξει
810 848 828 931 §
850 848 878 908 t.
897 844 941 915 εἰς
966 843 1038 913 τοὺς
1059 842 1199 914 πολλοὺς
1220 839 1484 923 παρεῖναι,ιίυιο

298 971 374 1015 reru
397 948 539 1029 παριέναι
561 958 597 1013 ut
622 950 640 1031 §
665 951 697 1013 2.
718 949 761 1019 εἰς
784 950 827 1013 τά
852 948 955 1024 πλύόνρ
976 949 1110 1027 παριῶν,
1130 959 1162 1011 et
1181 946 1313 1029 πάροδος
1332 944 1418 1013 haec
1436 958 1484 1013 ert

300 1077 365 1119 nnn
388 1052 581 1133 παρουσία..
1401 1103 1403 1108 ,
1459 1054 1461 1059 ’

344 1159 383 1224 In
403 1157 531 1246 Scyllia
549 1160 611 1237 24,
630 1162 661 1227 2.
692 1160 722 1222 ἐν
746 1160 873 1241 άριτερρῖ
898 1160 949 1230 εἰς
965 1157 1180 1235 Ἀκαδήμειαν
1206 1154 1382 1230 άπιύντνον,
1409 1155 1481 1247 lege

296 1264 450 1329 ἀνιόντων.
497 1263 708 1331 Athenienses
729 1263 879 1329 dicebant
897 1262 1028 1339 άνιόντι,
1053 1262 1107 1326 sed
1128 1261 1251 1351 saepius
1269 1261 1315 1326 sic
1337 1272 1478 1351 peccent

296 1368 467 1436 Luclnnus
485 1382 517 1435 et
538 1372 696 1461 aequales.
731 1377 749 1459 §
770 1376 799 1435 3.
824 1372 842 1445 ἡ
864 1370 942 1442 πολύς
966 1368 1060 1432 αύτδν
1077 1367 1284 1431 ἐπεσπάσαντο
1305 1371 1476 1446 πατριῶτις

296 1470 389 1552 οὖσα,
412 1474 587 1540 rectissime
608 1482 775 1558 πατριῶτις
788 1473 895 1552 dixit,
918 1495 994 1538 nem
1011 1470 1151 1560 Scythae
1171 1482 1202 1536 et
1219 1470 1348 1536 barbari
1364 1492 1475 1535 omnes

296 1578 380 1644 iuter
410 1602 442 1645 se
469 1591 544 1644 sunt
571 1586 765 1660 πατριῶται,
791 1591 827 1644 ut
849 1578 963 1643 Graeci
983 1588 1125 1643 πολῖται.
1147 1575 1225 1641 hinc
1243 1576 1369 1665 corrige
1390 1575 1478 1641 Pun-

297 1700 381 1750 rlult
401 1707 428 1749 r.
450 1686 641 1764 τατριῶταιι
666 1686 692 1749 οἱ
713 1685 815 1748 δοῦλοι
839 1689 898 1766 τῶν
923 1683 1093 1757 Ἑλλήνων.
1124 1690 1255 1746 πολῖται
1281 1682 1313 1745 δὲ
1338 1682 1372 1746 οἱ·
1390 1679 1479 1745 ἐλεύ-

296 1791 383 1869 ύεροι.
417 1789 442 1852 οἱ
475 1788 505 1851 δὲ
537 1790 608 1861 τοὺς
638 1788 820 1869 βαρβάρους
849 1788 1041 1868 πατριώτας.
1075 1787 1220 1876 corrupit
1250 1784 1338 1851 hunc
1366 1784 1476 1851 lucunr

296 1891 481 1970 Ponsonus,
508 1892 594 1982 qnod
617 1917 688 1958 ruro
707 1893 799 1958 iecit:
831 1894 861 1957 in
885 1891 981 1957 unico
1000 1889 1119 1956 Codice
1140 1903 1188 1956 est
1206 1894 1232 1957 οἱ
1257 1892 1359 1957 δοῦλοι
1382 1879 1476 1966 ἐλλό-

297 2022 371 2076 νυν,
397 1996 531 2062 emenda
561 2000 720 2075 άλλάλων.
771 1997 860 2082 Quae
888 1996 1093 2063 Grammatici
1118 1996 1157 2061 de
1185 1993 1477 2061 discrimineinter

296 2101 426 2190 πὀλότνρς
446 2114 479 2168 et
499 2105 675 2184 πατριώτας
696 2102 896 2169 tradiderunt
914 2126 978 2168 non
996 2112 1070 2167 eunt
1089 2101 1164 2167 setis
1180 2101 1312 2166 disertas
1330 2101 1417 2166 eires
1433 2099 1474 2164 li·

295 2205 390 2272 beree
417 2207 553 2273 civitatis
582 2221 654 2274 sunt
679 2209 761 2275 inter
786 2232 819 2275 se
844 2218 974 2274 πολῖται
995 2208 1076 2295 (non
1096 2210 1329 2295 συμπολῖται);
1353 2204 1474 2297 quibus

297 2333 360 2377 uon
381 2313 514 2403 contigit
534 2314 566 2379 in
587 2314 688 2380 libere
707 2315 836 2382 civitate
855 2312 944 2377 nasci
963 2315 1138 2391 πατριῶται
1163 2312 1318 2386 άλλιόλνιν
1334 2334 1405 2378 esse
1423 2311 1474 2377 di·

297 2428 423 2483 cuntur.
471 2417 585 2510 ltaque
615 2419 866 2485 Atheniensibus
894 2416 1105 2483 Athenienses
1126 2428 1200 2481 sunt
1219 2425 1369 2493 πολῖται,
1396 2416 1478 2508 Sey·

297 2522 371 2588 thee
392 2521 519 2611 Scythis
541 2529 734 2606 πατριῶται,
771 2526 847 2615 quie
870 2527 901 2589 ἐν
925 2522 1115 2603 βαρβάροισι
1139 2522 1247 2586 πάντα
1271 2523 1370 2588 δοῦλαι
1395 2527 1477 2600 πλὴν

298 2628 378 2703 ἑνός,
413 2652 478 2695 nun
508 2641 556 2696 est
578 2628 720 2694 barbaris
741 2629 824 2696 inter
844 2652 877 2694 se
901 2628 963 2693 ulis
983 2624 1204 2703 necessitudo,
1234 2647 1332 2715 quarn
1353 2640 1392 2695 ut
1414 2629 1477 2695 sint

297 2733 332 2797 ἐκ
361 2740 417 2807 τῆς
438 2737 536 2809 αὐτῆς
564 2735 731 2814 πατρίδος,
761 2736 794 2800 id
817 2746 864 2801 est
893 2737 1011 2815 χώρας.
1058 2730 1111 2796 Sic
1130 2730 1235 2819 Phryx
1254 2732 1392 2823 Phrygi,
1417 2732 1478 2800 Gur

299 2834 386 2916 (iuri,
405 2839 512 2928 Lydus
528 2838 620 2928 Lydo
636 2849 684 2904 est
701 2842 894 2924 respiciens,
913 2840 1022 2928 itaque
1039 2837 1124 2904 serris
1134 2836 1328 2904 Graecorum
1348 2862 1475 2920 omnes,

298 2944 323 3008 si
343 2958 417 3009 sunt
439 2944 580 3010 indidem
605 2944 746 3023 oriundi,
779 2952 954 3027 πατριῶται
978 2957 1067 3024 sunt,
1099 2947 1176 3035 (non
1197 2945 1475 3032 συμπατριῶται),

297 3049 407 3138 itaque
427 3050 555 3118 Teneris
577 3050 784 3117 Anacharsidi
804 3053 980 3132 τατριύτνρς
1002 3063 1069 3117 erat
1088 3051 1154 3116 nnn
1172 3051 1315 3125 πολίτης.
1351 3050 1475 3118 Simili·

298 3165 348 3219 ter
372 3155 466 3244 equi,
488 3157 515 3222 si
539 3170 614 3224 sunt
634 3156 777 3224 eiusdem
798 3155 961 3246 regionis,
980 3163 1155 3237 πατριῶται
1179 3155 1417 3221 essedicuutur
1436 3156 1472 3222 in

302 3255 516 3351 Cyropeedia
536 3262 577 3328 ΙΙ.
600 3281 635 3332 11.
655 3265 708 3329 26.
732 3264 810 3342 ρονδὲ
841 3261 1134 3340 nidernmunster,
1165 3260 1246 3333 όπονς
1270 3263 1306 3325 ἐκ
1331 3268 1392 3326 τῶν
1416 3285 1476 3327 το·

299 3371 392 3431 λιτῶν
416 3370 669 3450 άντιπλνρρύσετε
691 3369 752 3442 τάς
779 3367 906 3446 τάξεις,
936 3369 1013 3432 άλλ’
1037 3365 1137 3448 ῶσπερ
1160 3366 1273 3438 ἵππους
1295 3363 1323 3430 οἳ
1348 3365 1387 3432 άν
1409 3365 1475 3448 ἄρν-

299 3495 345 3539 ςοι
377 3468 448 3539 ὦσιν
476 3476 537 3554 οὐχ
560 3471 587 3538 οἳ
614 3471 652 3538 άν
676 3479 851 3554 πατριῶται
879 3472 1005 3543 τούτους
1032 3474 1155 3554 ζητεῖτε
1180 3468 1257 3536 ούτιο
1282 3471 1335 3535 καὶ
1363 3473 1476 3553 άνόρύ·

300 3598 376 3650 πους
400 3574 436 3642 ἐκ
460 3578 585 3642 πάντων
608 3577 810 3656 λαμβάνετε.
847 3575 901 3642 Sic
923 3579 987 3649 ύεδς
1005 3576 1181 3657 πατριύτνρς
1202 3576 1321 3665 optime
1341 3576 1476 3659 dicitur,

299 3680 354 3746 sed
374 3682 545 3748 absurdum
565 3693 612 3748 est
633 3680 720 3772 quod
741 3682 883 3749 Pontux
897 3681 965 3751 ΠΙ.Ι
979 3687 1032 3749 54.
1053 3680 1177 3747 scribit:
1211 3681 1347 3747 Πλάτων
1368 3685 1474 3760 μέντοι

299 3788 330 3852 ἐν
352 3797 416 3859 τοῖς
439 3787 556 3867 Νόμοις
582 3791 634 3852 καὶ
657 3788 710 3852 ἐπὶ
735 3784 893 3862 Ἑλλήνων
908 3789 943 3852 τό
959 3793 1134 3867 πατριῶται
1145 3787 1277 3867 εἴρηκεν.
1308 3786 1477 3879 Inspectus

299 3891 389 3957 locus
409 3903 520 3980 arguet
541 3890 918 3957 Grammaticierrorem.
965 3890 1099 3982 Legitur
1115 3891 1148 3956 iu
1169 3891 1253 3956 libro
1270 3892 1312 3957 de
1331 3893 1477 3984 legibue

301 3995 406 4085 v1.·p.
428 4001 492 4061 777
516 4015 548 4065 c.
571 3997 622 4061 δύο
657 3997 692 4069 δός
721 3996 884 4061 λεόπεσύον
915 3997 997 4076 μόνον
1025 3997 1163 4078 μηχανά
1188 4000 1271 4076 μήτε
1296 4002 1479 4081 πατριώτας

298 4101 447 4175 άλλύλνιν
490 4096 676 4171 εἶναιτοὺς
726 4099 905 4178 μέλλοντας
944 4106 1014 4188 ρ’ρῖον
1055 4102 1230 4167 δουλεύσειν
1271 4146 1309 4158 -
1352 4106 1479 4188 τρέφειν

299 4206 329 4268 τ’
348 4205 460 4276 αὐτοὺς
481 4206 587 4285 ὀρθῶς,
626 4227 708 4294 quae
737 4204 856 4294 scripta
882 4219 956 4271 sunt
985 4205 1163 4281 deservis
1186 4207 1226 4271 iu
1242 4206 1349 4272 officio
1370 4211 1477 4276 conti·

299 4307 431 4387 uendis,
463 4309 622 4398 seducte
650 4323 698 4376 est
727 4311 891 4378 Pont'ucrs
920 4312 1122 4402 negligentia.
1168 4311 1207 4375 ln
1239 4312 1478 4382 Puuuncums

299 4414 476 4505 fragmento
500 4417 585 4506 apud
609 4417 716 4484 Schol.
739 4417 778 4483 cd
803 4418 1048 4485 Anlsroruttsss
1070 4417 1160 4482 Aves
1183 4439 1227 4482 rs.
1252 4421 1346 4485 1294.

365 4553 367 4557 ’
408 4517 500 4600 οἶμαι
523 4523 549 4586 δ’
574 4525 668 4589 αύτδν
693 4524 874 4590 κινδυνεύειν
898 4526 940 4595 εἱς
963 4531 1020 4596 τῶν
1043 4521 1213 4599 Αἴγυπτον
1235 4523 1350 4613 [ἰόντα]

304 4649 325 4687 ἰ
428 4649 435 4692 ι
465 4627 496 4683 ·*
513 4627 529 4673 t
546 4628 563 4661 ⁴
585 4627 636 4699 ἵνα
658 4630 703 4711 μὶν
726 4629 842 4712 ξυνόχρ
864 4637 945 4694 τοῖσι
967 4627 1148 4708 Λυκούργου
1173 4631 1395 4711 πατριώτας.-

301 4729 363 4798 hoe
383 4733 637 4824 ipsc=rncaltnlol
651 4735 831 4804 churteus
855 4732 1049 4816 κορρδεῒται
1070 4734 1110 4806 ῶς
1130 4732 1215 4817 ξένος
1230 4732 1285 4799 καὶ
1299 4734 1475 4821 βάρβαροι.
