3309 5750
167 439 199 504 in
222 438 391 505 scribendo
410 441 466 515 rte
494 439 634 520 θρχαίαυ
659 439 788 506 Ἀτθίδα
812 437 933 505 reterre
956 436 1094 522 debent,
1120 433 1238 527 ubique
1263 447 1352 512 resti.

164 543 302 611 tuendas
323 564 393 611 esse
411 564 547 622 censeo,
571 563 747 629 earumque
770 544 956 609 imitatores.
974 543 1034 609 hoo
1059 565 1185 632 qunque
1218 547 1259 614 ah
1289 549 1352 618 iilis

164 648 740 736 sumsisseoppnrtunnsscribarum
762 669 853 715 error
877 649 910 713 in
934 649 1066 715 Lucumo
1087 650 1245 720 indicium
1266 651 1353 724 feeit.

209 756 246 821 ln
277 755 424 841 sequenti
453 754 535 820 libro
556 759 620 833 tt,
645 760 686 820 57
721 755 831 821 nescio
863 753 1020 839 quomodo
1050 765 1254 843 concoquant
1283 761 1351 826 θδὲ

163 863 304 937 αὐλητὴς
321 861 428 944 ἐφύσα
446 857 552 939 ὅμιλος
572 860 667 926 ἔνθεον
688 880 745 946 pro
765 859 860 939 μέλος
880 858 986 924 ἔνθεον.
1035 859 1126 926 Trita
1148 869 1224 929 suut
1243 865 1351 932 αὐλεῖν

163 966 279 1047 μέλος,
302 965 387 1050 ρ’ίδειν
409 966 524 1044 μέλος,
549 970 656 1048 Φυσοῖν
679 965 774 1045 μέλος
799 964 950 1041 Ἰωνικόν,
974 967 1122 1047 Καρικίν,
1145 964 1220 1034 alia.
1252 969 1352 1038 Penne

166 1070 306 1139 θυιυίουσ
329 1071 482 1136 Aruaunnr
502 1069 569 1135 XV.
596 1090 625 1156 p.
639 1073 715 1136 665.
740 1070 772 1135 G.

299 1176 415 1248 αὐλοὺς
437 1176 463 1240 δ’
487 1174 606 1256 ἔχουσαί
630 1200 677 1248 τις
701 1175 822 1256 κορίσκη
847 1176 976 1255 Καρικὸν
999 1174 1095 1254 μέλος
1119 1199 1149 1242 τι

300 1278 464 1361 μελίζεται
488 1289 552 1354 τοῖς
576 1280 764 1358 συμπόταις.
1238 1333 1240 1338 .

210 1388 246 1453 ln
270 1385 402 1470 Diatapo
424 1388 485 1462 44,
510 1389 530 1450 6
555 1384 708 1450 habemus
732 1384 893 1471 specimen
929 1383 1092 1450 socordiae
1115 1385 1299 1454 scribarum
1322 1395 1348 1456 θ’

165 1491 324 1560 editorum
353 1489 503 1555 levitatis.
551 1490 773 1558 Convocantur
792 1490 844 1566 Dii
877 1490 908 1553 in
939 1489 1112 1556 concilium
1137 1509 1194 1578 per
1223 1509 1337 1580 praeeo

165 1615 250 1663 nem.
283 1594 431 1672 Adeste,
456 1596 583 1681 inquit,
607 1595 662 1660 Dii
685 1597 828 1682 Deaeque
851 1616 955 1659 amaea
1275 1605 1279 1612 '

194 1701 213 1734 ·'
248 1725 252 1732 ·
300 1702 343 1774 είς
366 1701 500 1781 crepitu,
524 1698 606 1767 ὅσσοι
630 1727 666 1767 σε
688 1700 808 1773 κλυτὰς
833 1700 965 1765 δαίνυσθ’
990 1698 1219 1780 ἑκατόμβας,’
1303 1753 1305 1758 .

175 1827 201 1863 ’-
292 1802 382 1872 ἶὅσσοι
403 1806 434 1872 π’
458 1805 499 1874 αὖ
521 1807 652 1885 μέσατοι
677 1811 694 1883 ἢ
719 1804 827 1875 decrat
851 1806 868 1881 ἢ
892 1804 985 1883 μοίλα
1009 1805 1127 1886 areima

224 1933 227 1938 ·
301 1913 443 1989 νώνυμνοι
468 1912 603 1990 βωμοῖσι
625 1913 712 1993 παρα
736 1911 852 1993 ανίσρσι
877 1908 1018 1983 κοίθνσθε.

164 2034 240 2083 vera
271 2017 509 2103 scriptumest
537 2024 611 2100 παρ’
641 2016 813 2092 ἀκνίσοισι,
849 2034 931 2100 quae
958 2033 1018 2078 our
1048 2011 1221 2100 depravata
1251 2011 1350 2082 ίιιεσίι

164 2121 268 2209 palam
301 2128 359 2188 est.
407 2120 469 2202 Qui
493 2126 790 2191 HAPAKNICOICI
815 2118 1015 2185 describebat
1038 2138 1138 2203 quum
1162 2118 1248 2203 παρὰ
1271 2103 1351 2188 Ινιιιί·

163 2229 304 2316 psisset',
332 2225 416 2313 quod
439 2235 609 2314 supererat
631 2249 779 2303 κυισοισι,
810 2233 847 2290 ut
875 2222 1003 2309 aliquod
1036 2224 1188 2290 Graecam
1214 2223 1350 2294 vocatu

162 2331 461 2409 lamentandam,
494 2332 526 2396 in
551 2331 667 2414 κυίσρσι
701 2329 849 2407 retinxit,
873 2337 905 2395 et
931 2330 1178 2396 sicsexcenties
1201 2329 1234 2394 in
1257 2327 1349 2400 tibris

162 2457 254 2505 error
273 2455 419 2504 errorem
447 2435 565 2504 trahit·
608 2435 784 2502 Lenissima
806 2434 966 2500 Barnnuus
988 2434 1074 2516 ταρὰ
1104 2445 1222 2512 κνιοῆσι
1245 2435 1349 2514 canie-

163 2544 209 2610 cit
221 2552 253 2609 et
266 2543 299 2607 in
312 2547 438 2607 textum
453 2540 591 2626 recepit3
613 2559 707 2614 nam,
731 2538 858 2605 etiamsi
872 2547 976 2614 κνισῆς
997 2558 1053 2624 pro
1076 2540 1263 2618 annotanda
1288 2561 1349 2611 m

162 2646 300 2723 inisset,
326 2647 485 2712 sententia
505 2645 566 2712 inei
590 2644 792 2731 apertissime
812 2644 1002 2708 eontrarium
1025 2645 1175 2730 postulat.
1263 2657 1281 2714 “.

173 2801 177 2808 -
209 2750 246 2817 111
269 2749 381 2818 eodem
411 2751 544 2837 Diatapa
562 2754 626 2825 44,
653 2755 672 2815 4
697 2750 775 2816 δυοῖν
804 2746 964 2830 θοίτερονῆ
990 2752 1203 2832 παρεαρέισθαι
1223 2749 1347 2834 ἀνάγκη
1375 2816 1386 2827 ,

163 2857 181 2936 ἦ
211 2858 363 2938 τιμᾶσθαι
390 2860 430 2932 ὥς
456 2859 591 2939 προτοῦ,
627 2854 780 2921 vitiosum
813 2861 861 2920 est
889 2856 1121 2936 aapcapai‘adaa,
1154 2876 1268 2925 verum
1299 2867 1347 2927 ant

161 2965 346 3047 παρεῶσθαι.
393 2961 505 3029 uidem
528 2959 626 3027 iaciat
658 2961 725 3046 ipse
754 2961 904 3025 Lucienus
936 2960 968 3023 iu
994 2958 1017 3047 S
1042 2963 1061 3025 9
1084 2960 1253 3043 θνίχεσθαι
1287 2968 1344 3049 χρὴ

161 3070 375 3152 παρεωσμένον
406 3067 458 3134 καὶ
483 3069 528 3145 μὴ
559 3068 762 3145 ἀγανακτεῖν,
789 3064 819 3130 εί
849 3088 896 3137 τις
931 3065 1160 3146 προτετίμηταί
1193 3090 1257 3135 σου.
1301 3068 1345 3137 dn

160 3175 372 3244 Dauosrnnurs
400 3172 585 3261 Olynthium
605 3172 630 3237 1.
656 3175 768 3258 pit,
797 3175 836 3237 14
862 3168 935 3233 honi
960 3168 1032 3235 litri
1059 3179 1207 3241 servant:
1233 3178 1343 3257 παρεθ-

161 3283 230 3347 σθαι
260 3282 312 3346 καὶ
337 3282 368 3345 ἕν
396 3280 513 3352 οὐδενὸς
541 3275 619 3343 εἶναι
643 3278 727 3360 μέρει
760 3278 812 3343 τὸν
843 3279 998 3350 τοιοῦτον,
1032 3273 1207 3343 deteriores
1238 3296 1342 3349 omues

160 3385 386 3468 ταρσορῖισθαι.
440 3385 623 3449 ltrunonrrus
652 3381 773 3447 indicat
803 3379 888 3445 idem
923 3378 1037 3445 vitium
1069 3382 1278 3451 commissum
1309 3382 1340 3451 in

160 3491 368 3557 Aristocraten
391 3508 422 3575 p.
441 3492 531 3564 aaa,
560 3493 600 3552 15
632 3483 708 3559 daec
731 3485 795 3566 γὰρ
820 3485 990 3562 ἡγήσονται
1013 3487 1187 3566 παρεῶσθαι
1210 3488 1275 3569 μὲνὶ
1288 3488 1337 3555 111-

158 3595 228 3671 τοί,
251 3594 324 3676 πρὸς
348 3592 590 3674 Κερσοβλέπτην
614 3590 640 3656 δ’
661 3592 838 3657 ἀποκλίνειν
863 3591 968 3668 ὑμᾶς,
1000 3588 1055 3654 ubi
1081 3590 1114 3655 in
1138 3588 1335 3661 omnibttflslt'-
1472 3656 1533 3673 ᾗ

156 3698 546 3780 tricasinensium,
571 3697 604 3760 in
629 3695 749 3780 optimo
766 3695 911 3761 omnium
935 3692 1082 3759 Parisino
1106 3694 1131 3761 S
1154 3715 1227 3763 rere
1249 3692 1333 3763 lectio
1436 3684 1550 3791 ὁ

156 3804 188 3868 iu
213 3802 360 3887 margine
383 3802 545 3888 adscripta
569 3806 628 3867 est.
666 3800 808 3866 Priorem
834 3800 1047 3868 Deuosrnnurs
1069 3798 1173 3867 locum
1198 3800 1550 3903 initum>11

156 3906 216 3983 vet¹
229 3908 349 3992 potius·
368 3906 538 3994 descripsit
572 3907 733 3973 darsumas
757 3906 781 3973 1.
809 3926 839 3991 p.
860 3908 902 3969 θλ
927 3904 1143 3985 παρεωσμένον
1166 3906 1198 3973 rt
1215 3904 1278 3973 -καί
1292 3902 1550 4007 ,ίι-οχεξ

109 4009 113 4016 ’
152 4012 269 4086 οὐδενὸς
291 4012 374 4086 ὄντος
408 4012 492 4094 μέρει
528 4013 644 4085 παντὸς
679 4016 732 4077 τοῦ
757 4015 962 4086 Ἑλληνικοῦ,
995 4007 1050 4074 ubi
1080 4010 1155 4076 olim
1189 4006 1476 4095 edebntt!*1
1479 4056 1550 4107 u

151 4116 427 4202 παρευρασμίνου,
454 4135 511 4203 pra
527 4136 591 4202 quo
615 4116 731 4183 Rursus
754 4114 990 4198 παρεωραμένου
1017 4112 1126 4192 dedit,
1150 4113 1279 4181 1111111011
1295 4124 1531 4207 83:513

151 4222 242 4290 codd.
266 4221 485 4306 παρεσομένου
504 4220 698 4289 emendarit.
747 4221 847 4288 Viden
873 4219 1036 4305 vulgatam
1059 4240 1097 4287 ex
1122 4216 1239 4305 duplici
1258 4208 1340 4281 eari-
1375 4258 1421 4277 -
1421 4234 1550 4315 51<

685 4323 714 4364 μ

147 4378 242 4459 ptura
267 4376 377 4441 natam
397 4388 466 4435 esse
489 4368 569 4434 hac:
594 4368 835 4452 παρειοσμένουί
