3309 5750
741 618 806 684 νιο
850 567 862 583 ’

180 817 350 885 Dunosth.
378 818 396 899 §
428 818 480 881 56.
506 826 540 881 et
566 816 652 882 alibi.
699 813 737 879 lu
752 812 928 882 --chutteo
954 818 1213 887 contra-dooere
1239 822 1258 904 §
1281 819 1356 889 tot.

177 926 246 989 καθ’
279 920 394 997 {sedena
428 923 655 1003 πενταετηρίδα
690 920 794 987 scribe
825 926 1031 1005 τεντετνρίόα
1062 937 1094 991 et
1121 926 1238 1017 passim
1269 940 1371 1012 certo¹

178 1134 345 1207 αονταέτιμ
365 1131 435 1221 sim.
456 1154 516 1221 pro
531 1133 658 1208 δεκέτης
676 1132 1084 1202 etc.Lucttttutt1ueare
1100 1159 1165 1201 uoa
1177 1136 1355 1204 deseruisse

177 1260 271 1303 usum
299 1251 436 1305 veterem
466 1250 619 1303 monstrat
646 1239 721 1305 felix
742 1239 857 1305 vitium
876 1241 1080 1306 commissum
1103 1241 1165 1320 66.
1187 1246 1242 1308 39.
1258 1245 1352 1311 ε’κςιέ-

175 1346 234 1417 διος
257 1344 335 1428 γὰρ,
359 1342 464 1424 οἶμαι,
490 1368 534 1409 τοι
562 1348 703 1427 alelmi,
730 1368 794 1412 uon
827 1358 903 1411 suut
924 1346 1073 1438 suspicati
1093 1348 1271 1438 siguificare
1291 1372 1354 1414 aex

174 1450 371 1515 alodiorum·
384 1460 416 1513 et
433 1447 633 1537 reliquerunt
652 1451 857 1532 inviolatum,
873 1452 959 1518 uude
978 1453 1118 1527 ἕκςαδιος
1133 1454 1282 1544 elapsum
1296 1467 1354 1520 est.

175 1555 280 1621 Etiam
301 1566 409 1620 nostro
428 1553 499 1619 loco
516 1557 752 1624 retrosalientes
772 1556 871 1623 babet
888 1556 1011 1649 aliquid
1029 1558 1180 1649 praesidii
1195 1561 1228 1625 iu
1246 1555 1351 1638 libris,
1470 1588 1472 1591 ·

174 1659 230 1725 sed
249 1657 332 1723 nihil
351 1660 384 1723 iu
402 1657 586 1725 huiusmodi
603 1660 682 1726 locis
695 1660 876 1751 indigemus
892 1685 930 1728 eo
945 1663 1095 1741 tibicine,
1106 1675 1136 1728 et
1148 1665 1236 1754 quud
1251 1661 1356 1732 sem'el.

174 1766 336 1832 constabit
356 1750 565 1844 necessarium
587 1788 653 1831 esse
674 1790 780 1857 neque
800 1769 937 1858 eripient
954 1770 1076 1835 scribae
1092 1753 1245 1860 nequesi
1265 1763 1354 1835 ultro

173 1871 252 1938 daut
275 1864 469 1961 magnopere
492 1870 683 1938 curabimus.
739 1917 743 1924 -
1253 1895 1256 1900 ’
1291 1897 1293 1902 ·

178 2025 183 2030 -
216 1976 255 2042 Iu
279 1977 368 2042 ⁴libro
397 1976 540 2041 secundo
568 1981 629 2055 27,
664 1985 692 2044 5.
721 1981 922 2061 καθεωρῶμεν
952 1981 1084 2062 λιμένας
1115 1985 1251 2055 πολλοὺς
1277 1985 1351 2063 περὶ.

172 2087 281 2149 τασαν
307 2082 473 2154 οἱαλύςονς.
521 2082 559 2146 In
590 2082 651 2147 boc
678 2084 750 2148 loco
776 2086 914 2151 eundem
940 2089 1041 2153 erravi
1069 2107 1225 2166 errorem,
1248 2107 1349 2179 quem·

172 2188 336 2253 Vetusius
362 2187 396 2251 iu
424 2187 530 2253 Dtottu
559 2186 682 2255 Cunus
709 2190 852 2257 Emend.
872 2191 914 2257 ll.
936 2197 988 2258 26.
1011 2191 1191 2259 Credebam
1209 2193 1350 2261 ἄαλνςον-

172 2292 289 2387 λιμένα
304 2315 370 2358 esse
390 2315 487 2383 quem
495 2294 628 2381 fluctus
647 2318 712 2361 non
730 2297 880 2375 alluunt,
899 2299 1010 2387 itaque
1032 2297 1205 2362 absurdum
1226 2319 1293 2362 esso
1312 2297 1347 2361 ui

171 2398 344 2464 videantur
361 2404 514 2465 traxisse
534 2403 645 2465 siccae
662 2402 839 2466 machinae
853 2407 994 2467 carinus
1005 2403 1037 2466 iu
1049 2413 1189 2491 portum.
1213 2403 1345 2469 Meliora

171 2524 237 2568 me·
255 2503 365 2572 docuit
391 2505 593 2572 Wussmma
622 2505 661 2570 ad
692 2505 789 2573 lituu.
818 2505 886 2572 Sic.
914 2506 1041 2572 duobus
1061 2507 1139 2572 locis
1159 2505 1218 2572 ΙΙΙ.
1239 2512 1292 2571 tt.
1314 2518 1350 2571 et

169 2608 326 2699 imprimis
358 2609 460 2675 tvtt.
491 2614 564 2675 104.
590 2610 646 2676 ubi
673 2611 795 2678 videbis
813 2611 950 2681 ἄκλνςον
973 2612 1089 2691 λιμένα
1109 2633 1183 2677 eum
1202 2634 1288 2689 esse,
1312 2611 1349 2676 iu.

143 2734 236 2802 2quo
262 2715 396 2802 fluctus
425 2740 489 2781 non
517 2721 720 2797 excitentur,
752 2740 815 2809 qua
844 2741 909 2783 nou
938 2729 986 2783 cst
1013 2717 1075 2781 alia
1104 2718 1200 2782 statio
1229 2710 1344 2782 carinis

168 2819 281 2886 tutior.
326 2819 418 2886 Nibil
447 2819 512 2886 huc
541 2821 703 2889 faciebant
732 2823 858 2902 λιμένες
890 2821 1006 2891 κλειτοὶ
1037 2821 1090 2887 καὶ
1114 2820 1276 2900 ἄαλειςοι,
1302 2820 1345 2888 de

169 2925 286 3014 quibus
306 2937 442 3016 uterque
461 2925 689 3016 cogitabamus.
722 2926 838 2993 Melius
858 2922 1003 2993 mihi'res
1020 2926 1112 2992 cessit
1129 2927 1162 2991 iu
1176 2922 1350 3010 Scttactt,¹

167 3029 203 3094 iu
232 3031 322 3097 cuius
343 3033 491 3123 ⁴Perzplo
525 3033 629 3121 (Tom.
660 3032 686 3099 l.
715 3025 747 3123 p.
776 3037 829 3100 22.
855 3035 888 3098 iu
914 3030 1064 3098 Huusottl
1092 3031 1211 3202 Gpogr.
1236 3034 1341 3118 Μία.)

165 3135 284 3226 legitur
312 3137 413 3218 Πάρος
444 3137 624 3216 λιμένας
608 3162 729 3218 εχοντα
759 3139 827 3213 δύο,
853 3135 892 3203 ὧν
916 3163 969 3203 τον
996 3161 1051 3202 ενα
1073 3138 1131 3202 καθ
1134 3162 1208 3213 ιςον,
1231 3140 1341 3205 infeli·

168 3243 248 3310 eiter
274 3241 383 3308 editor
409 3242 559 3311 καλλιςον
580 3244 730 3321 coniecit,
759 3244 804 3307 in
818 3250 1042 3308 KAOICTON
1060 3241 1206 3370 pellucet
1224 3253 1343 3313 ΚΛΕΙ-

168 3357 308 3428 eTON,
335 3345 467 3416 κλειτόν.
517 3346 555 3410 In
576 3350 644 3434 §t
667 3371 805 3428 κατνμορ
810 3371 872 3412 ειτο
896 3349 922 3411 δ’
940 3348 1036 3410 αὐτον
1057 3345 1104 3410 ὅτι
1131 3345 1262 3425 μεμήνοι
1286 3347 1343 3416 καὶ

163 3456 274 3521 ἑαυτὸν
306 3452 493 3529 ατοιιτανοι,
517 3449 597 3518 baec
621 3464 668 3517 est
693 3452 863 3517 meliorum
888 3450 1044 3515 librorum
1065 3451 1162 3516 lectio
1181 3453 1340 3534 deterior3

164 3562 270 3627 miuus
292 3558 418 3649 probati
438 3571 563 3624 servant
582 3581 687 3625 ueram
704 3557 888 3635 οὶτεατόνοι,
907 3578 1002 3647 quam
1017 3578 1035 3619 a
1051 3556 1211 3622 Bttxttuo
1227 3581 1344 3650 recep·

166 3681 233 3735 tam
260 3666 422 3758 oportuiti
450 3663 621 3731 ιῖτοιιτανοι
650 3665 770 3730 miuus·
787 3662 958 3752 diligenter
985 3660 1066 3727 esset
1086 3661 1227 3740 dictum,
1251 3666 1342 3754 quod·

165 3773 303 3840 ostendit
321 3771 477 3852 μεμήνοι,
508 3780 566 3862 pro
594 3792 658 3861 quo
677 3769 790 3849 μανείη
812 3768 963 3843 substitui
984 3784 1049 3832 uon
1071 3768 1179 3857 possit.
1215 3770 1343 3838 Attico-

162 3899 233 3948 rttm
266 3879 633 3967 veterum-‘cousuetudo
663 3877 805 3969 postulat
835 3874 987 3956 μεμηνοίν
1016 3886 1048 3940 et
1079 3876 1281 3952 duexaovoin.
1304 3889 1340 3943 ut

161 3983 373 4067 πεφεογοίην,
399 3984 573 4058 λελνθοίνν,
598 3984 790 4063 eremitalis,
811 3980 1024 4060 κατεανοίαν,
1048 3982 1284 4061 προεληλυθοίης
1304 3984 1338 4051 iu

167 4088 290 4180 Uprop.
322 4085 364 4151 ll.
392 4104 437 4151 ιν.
459 4088 602 4154 17.alia.
635 4088 759 4154 Addam
781 4086 1111 4161 occultantium,
1136 4085 1337 4176 uttopidom

165 4193 358 4264 uersiculum
390 4191 467 4257 vitio
494 4191 628 4257 liberem
649 4194 816 4293 etfaciam
839 4203 874 4258 ut
895 4189 1033 4279 intelligi
1040 4189 1158 4324 possit.
1206 4188 1338 4283 Legilur

161 4302 258 4395 apud
274 4293 401 4366 banau
420 4295 496 4360 :.Vll
519 4322 551 4427 p.
579 4303 654 4376 305,
678 4318 708 4364 u

167 4432 171 4437 ·
294 4405 478 4487 τρίμλνδ
503 4406 528 4469 εἰ
553 4405 611 4482 μὲν
636 4403 787 4480 idilomin
812 4403 915 4467 τένθου
937 4400 1018 4470 τινος
1037 4403 1155 4483 ἄνδράς.

160 4507 312 4586 ἒδνδοαοιν
344 4508 493 4575 Ροιιοοιιο
518 4504 659 4576 debetur
687 4530 747 4609 pro
768 4498 954 4583 Uenetae
936 4533 996 4587 n,
994 4505 1076 4579 sed
1094 4505 1238 4633 uoudum
1264 4533 1336 4575 seu

162 4614 273 4729 tentia
279 4613 380 4695 salua
394 4625 449 4678 ast.
467 4613 581 4706 ·Lege·
714 4678 718 4687 ,
873 4652 877 4659 ·
1331 4636 1334 4640 ·

195 4712 464 4798 τ.,.;ι·τρίγλίιν3’-
487 4720 512 4784 ει
536 4721 594 4798 μὲν
617 4719 802 4796 teoloneis
804 4740 863 4784 ντ
864 4656 945 4783 ἔνθα
967 4715 1049 4790 τινος
1072 4717 1223 4797 ἄνδρας.
