3309 5750
1247 823 1253 833 ι
1339 745 1409 799 xm

243 912 425 1013 palmarias
443 904 716 1000 emendationes
751 910 833 985 non
849 908 931 985 facit
960 918 1011 985 et·
1025 910 1176 998 invenit,
1208 914 1270 988 sed
1292 924 1414 992 oertas

239 1045 402 1141 praestat
423 1047 459 1114 et
477 1033 706 1115 demonstrat.
756 1029 852 1113 Non¹
871 1040 954 1113 satis
987 1031 1048 1113 est'
1072 1040 1118 1114 od
1142 1041 1245 1115 on'sin
1270 1043 1415 1119 feliciter

240 1158 530 1249 ereroendarnet
547 1192 664 1266 sapere
684 1175 720 1241 et
734 1167 883 1266 'linguae
900 1191 1005 1241 usum
1024 1193 1065 1242 ae
1083 1168 1250 1244 rationem
1270 1196 1413 1246 omnem

244 1287 498 1371 oceumtissime
534 1286 651 1368 tenere
683 1302 720 1368 et
748 1295 786 1367 in
814 1284 955 1393 promtu
985 1295 1128 1369 habere:
1163 1321 1252 1394 opus
1278 1304 1332 1371 est
1356 1322 1412 1373 ve·

240 1424 529 1499 ¹tustos-Codides
555 1412 698 1521 scriptos
718 1423 781 1497 diu
805 1433 842 1497 et
861 1423 1011 1498 multum
1033 1444 1211 1512 versasse,
1229 1432 1264 1498 et
1290 1426 1415 1501 scribu-

190 1623 192 1627 t
244 1540 338 1625 num'
355 1542 530 1624 inseitiam
552 1557 594 1623 et
614 1551 807 1625 ‘socordiam
832 1553 1020 1626 sexcenties
1045 1544 1102 1627 ’ἐπ’
1122 1555 1328 1652 αὐτοφώρῳ
1354 1554 1416 1628 de·

243 1668 490 1777 prehendisse,
522 1685 558 1753 et
582 1678 711 1776 passim
737 1679 862 1753 vidisse
891 1700 1036 1754 nascens
1061 1680 1188 1755 vitium
1211 1688 1247 1754 et
1271 1682 1416 1779 gliscen-

251 1796 469 1893 tsm'lab'sm,
490 1812 526 1879 et
546 1813 587 1877 ut
606 1829 699 1880 error
721 1829 871 1881 errorem
888 1801 1028 1889 trahere
1045 1816 1081 1881 et
1102 1832 1222 1907 parere
1240 1809 1363 1896 soleat,
1383 1814 1419 1883 et

248 1923 337 2030 quae
366 1934 498 2008 menda
529 1958 572 2007 ex
602 1958 673 2032 quo
707 1934 881 2008 seribendi
910 1952 1055 2033 genere,
1088 1936 1290 2035 exquibus
1321 1935 1418 2035 siglis

245 2051 502 2159 'compendiisve
524 2052 703 2149 ommim,
735 2069 771 2136 et
803 2056 1099 2160 quemadmodum
1126 2071 1226 2138 vetus
1247 2064 1420 2164 ¹seriptum

246 2177 413 2285 primum
429 2190 549 2263 leviter
576 2183 699 2263 affeats
725 2203 954 2264 correctorum
975 2184 1177 2265 temeritate
1195 2200 1280 2266 ruat
1301 2192 1337 2265 in
1358 2215 1418 2290 pe·

206 2381 211 2385 .
246 2304 323 2403 ius,
359 2324 407 2389 eu
421 2318 606 2415 antiquum
639 2308 777 2391 dicendi
803 2342 915 2417 genus
947 2318 993 2392 ad
1018 2319 1216 2416 sequiorum
1241 2319 1418 2418 negligen-

240 2443 347 2516 tiam
360 2433 571 2542 refingatur,
604 2452 639 2517 st
660 2446 792 2520 insulsa
816 2447 1012 2520 sciolorum.
1025 2446 1261 2521 additamento
1278 2447 1361 2521 olim
1381 2447 1419 2520 in

239 2570 404 2669 margine
424 2562 598 2670 adscripta
604 2624 616 2660 ,-
639 2565 702 2646 aut
724 2573 815 2647 inter
838 2582 963 2655 uerms'
983 2573 1203 2671 interposita,
1225 2571 1315 2649 male
1335 2576 1417 2648 irre·

246 2688 353 2797 pant,
385 2707 429 2774 et«
445 2701 646 2774 observasse
671 2700 820 2798 denique
843 2725 933 2798 qnae
958 2700 1003 2773 sit
1026 2694 1191 2799 peccandi
1211 2702 1318 2782 veluti
1337 2725 1417 2782 oon·

246 2826 376 2902 stantia
397 2817 569 2933 quaedam
593 2833 629 2901 et
651 2827 828 2926 analogia,
854 2835 894 2901 ut
913 2827 950 2901 in
968 2826 1091 2901 eadem·
1116 2851 1154 2900 rs
1174 2824 1269 2903 idem
1293 2828 1417 2907 vitium

245 2955 408 3055 frequens
432 2965 672 3030 et'eommnne
695 2956 759 3044 sit,
779 2965 829 3030 et
852 2956 959 3030 semel
985 2951 1178 3054 deprensus·
1200 2960 1293 3032 error
1320 2956 1415 3058 egre·

237 3084 343 3183 -g'iom
374 3075 485 3182 opem
503 3084 591 3158 feret
618 3108 688 3158 non
718 3084 821 3158 simili
844 3084 936 3158 malo
962 3085 1023 3160 sed
1050 3108 1190 3182 prorsus
1212 3086 1324 3159 eidem
1348 3084 1417 3160 alio

236 3211 322 3285 loeo
349 3202 480 3285 autin
506 3211 573 3286 alio
600 3205 801 3311 scriptore,'
831 3212 869 3285 Si
893 3206 973 3310 quis
1002 3213 1172 3286 Codicum
1203 3212 1332 3286 auxilio
1368 3213 1417 3286 sie

239 3330 387 3427 utetur,
411 3340 608 3413 emendatio
631 3332 921 3414 emendationem
929 3362 1053 3414 novam
1076 3341 1211 3439 pariet,
1235 3347 1271 3415 et
1297 3342 1418 3414 ornnes

247 3467 375 3565 pariter
403 3474 532 3540 certam
554 3455 660 3541 fidem
683 3473 721 3540 et
744 3468 1012 3566 πειθανάγκην
1032 3451 1245 3542 Ιιεὼοὺιὶηῐ.’
1275 3469 1332 3542 Sic
1357 3469 1416 3541 de·

241 3596 392 3670 -sultoria
421 3595 542 3669 levitas
571 3601 737 3693 arguetur
765 3601 801 3667 et
823 3595 1050 3692 castigabitur
1075 3595 1249 3669 temeritas
1277 3618 1417 3680 eorum,

249 3723 313 3821 qui
336 3723 448 3797 illotis>
464 3723 627 3797 manibus
658 3723 743 3797 haee
772 3746 867 3795 sacra
895 3728 1097 3809 attrectant,
1124 3730 1161 3795 et
1182 3721 1278 3820 quod
1298 3744 1419 3795 verum

244 3851 427 3949 'est„quia·
446 3874 566 3932 ornnes
583 3850 735 3924 veritatis
753 3848 916 3925 numeros
929 3848 1095 3936 hebebit,
1120 3873 1291 3924 eonsensu
1312 3873 1418 3947 agno·

251 3987 376 4054 saelum
427 3980 650 4076 Quicumque
677 3980 834 4052 nondum
857 3979 961 4077 longo
983 4003 1052 4053 usu
1074 3979 1280 4053 exercitatus
1300 3978 1339 4051 in
1358 4003 1418 4052 an·

251 4107 353 4205 tiquo.
375 4107 537 4205 scriptore
560 4101 684 4180 vitium
704 4107 769 4181 tibi
790 4108 885 4181 visus
908 4132 944 4181 es
967 4107 1249 4206 deprehendisse,
1270 4114 1306 4179 et
1326 4106 1418 4180 frau-

241 4235 331 4308 dem
349 4229 565 4308 librariorum
581 4241 698 4308 tenere
715 4242 749 4308 te
762 4244 884 4334 putas,
909 4236 1052 4309 ostende
1065 4235 1152 4308 mihi
1164 4238 1312 4309 errorem
1329 4234 1419 4308 eius·

250 4353 428 4436 dammodi
446 4362 484 4435 in
505 4357 611 4435 simili
631 4387 667 4435 re
688 4364 930 4452 commissum,
956 4386 1117 4462 exprome
1137 4363 1252 4437 looum
1275 4361 1339 4435 ubi
1354 4362 1421 4436 hoe

241 4488 383 4589 ipsum,
418 4491 577 4588 quod-'tn
598 4491 755 4588 reponis,
790 4491 971 4566 emendate
1000 4492 1167 4589 seriptum
1194 4495 1276 4575 est,
1294 4496 1330 4563 et
1356 4490 1421 4564 erit

243 4641 311 4726 'eur
331 4624 367 4691 te
394 4614 578 4716 diligenter
600 4619 793 4695 audiamus.
843 4623 962 4720 Negas
981 4620 1051 4693 boo
1073 4618 1149 4694 fieri
1174 4642 1276 4717 posse
1306 4622 1342 4688 et
1367 4615 1421 4688 vel

241 4744 399 4818 sisaim
413 4743 741 4845 orsurpostalss,
760 4754 824 4822 aut
836 4745 1090 4848 >ineptas-ant
1114 4745 1330 4845 impudens),
1346 4746 1420 4818 'esse

249 4869 447 4949 sideberia:
485 4872 526 4947 0ἶ
550 4876 947 4974 quantum'ineptarum
965 4873 1345 4952 ÷.eorrectiudsnarum·,
1359 4878 1420 4949 adt
