3309 5750
727 630 792 697 389

176 832 232 922 qui
261 854 295 897 se
325 837 477 895 accentus
507 846 617 890 omnes
646 834 852 898 contemnere
884 846 961 914 prae
990 847 1023 891 se
1048 826 1176 908 ferunt,
1208 827 1351 894 fatentur

174 930 276 1027 inepti
292 947 324 1002 et
341 934 448 1024 palam
468 930 591 996 faciunt
609 950 642 994 se
659 927 691 992 id
709 929 845 1008 nescire,
863 952 929 1020 quo
947 930 1015 996 sine
1027 930 1147 999 Graece
1162 935 1241 1000 scire
1252 956 1349 1000 nemo

174 1052 291 1131 potest.
337 1038 441 1104 Nemo
461 1058 613 1126 umquam
633 1034 752 1124 poterit
771 1034 1002 1103 Grammaticos
1021 1050 1054 1103 et
1075 1036 1210 1106 Gritieos
1227 1051 1359 1107 reteres-

173 1145 367 1234 intelligere,
392 1154 447 1208 ant
467 1140 601 1209 Codices
623 1139 759 1205 Graecos
780 1140 823 1205 ita
844 1141 951 1230 legere
969 1155 1190 1225 etexcutere,
1214 1155 1251 1209 ut
1271 1153 1351 1234 ope·

174 1272 228 1315 rae
247 1246 386 1339 pretinm
408 1246 517 1324 iaciat,
538 1243 599 1309 nisi
619 1242 702 1309 hanc
722 1244 886 1311 doctrinae
908 1261 1028 1337 partem
1048 1249 1222 1340 longousu
1242 1245 1352 1338 perdi-

176 1353 306 1431 dicerit,
338 1364 371 1418 et
402 1353 447 1417 sic
478 1373 653 1440 numquam
681 1350 713 1415 in
747 1350 1011 1440 interpretatione
1041 1366 1096 1419 ant
1127 1354 1351 1420 emendatione

177 1459 371 1525 Graecorum
402 1456 572 1546 quisquam
600 1466 655 1519 aut
676 1454 736 1519 sibi
757 1454 927 1522 satisfaciet
946 1470 1001 1523 aut
1022 1459 1108 1537 aliis,
1127 1460 1187 1524 nisi
1205 1471 1351 1549 paratum

175 1564 237 1630 boc
258 1563 380 1654 ubique
400 1562 531 1628 babebit
546 1560 704 1626 interioris
722 1559 910 1627 Graecitatis
926 1565 1166 1653 cognoscendae
1183 1564 1353 1630 adiumen-

175 1683 262 1751 tum,
292 1670 380 1761 quod
402 1669 507 1735 multo
526 1667 599 1757 plus
619 1664 716 1732 habet
736 1666 769 1730 in
790 1687 916 1732 recessu
937 1690 1033 1758 quam
1053 1670 1159 1736 fronte
1181 1670 1352 1761 promittit.

176 1778 221 1842 Ilr
251 1798 315 1867 quo
343 1774 547 1867 grammatica
578 1795 625 1838 ars
650 1771 812 1837 sollertius
836 1772 940 1837 excoli
960 1786 1073 1864 coepta
1094 1785 1157 1853 est,
1181 1774 1353 1865 unusquis-

178 1904 241 1972 que
261 1881 558 1947 Graecorum-noro
579 1876 642 1942 boc
661 1876 858 1942 adminiculo
879 1877 1050 1967 diligenter
1068 1880 1233 1960 utebatur,
1262 1881 1355 1944 cuius

176 1988 222 2053 rei
250 2008 351 2052 unum
372 1986 412 2051 de
432 1985 542 2050 multis
562 1982 743 2072 exemplum
764 1982 907 2061 afferam,
937 1985 1089 2073 quoniam
1112 1998 1281 2077 corruptus
1304 1986 1354 2050 lo-

177 2114 245 2166 eus¹
260 2103 307 2157 est
328 2090 405 2155 hinc
426 2089 656 2157 emendandus.
705 2086 797 2178 Apud
819 2088 1053 2157 Pnu'rtttcnutt
1077 2092 1195 2181 legitur
1213 2094 1246 2157 in
1268 2091 1354 2158 libro

172 2194 228 2261 dre
245 2196 387 2260 tetemet
411 2197 427 2269 ἡ
450 2196 546 2274 αἱρετή
571 2217 640 2283 pag.
661 2196 725 2257 439
747 2194 876 2257 nezibi
905 2195 973 2274 περὶ
1003 2197 1171 2276 arpeo-piiss
1201 2195 1271 2276 ἔχει
1302 2219 1352 2269 τις

177 2301 276 2365 εἰπεῖν
301 2296 394 2365 solers
416 2300 447 2362 ἐν
475 2296 563 2361 πόλει
590 2294 926 2380 γιγνομένηνίπότερον
947 2305 1115 2377 Τελχῖνας
1138 2299 1353 2378 auspicatos,

179 2416 215 2467 tu
235 2402 357 2492 corrige
377 2401 502 2483 πότερον
525 2400 689 2480 Τέλχινας
713 2400 732 2475 ἢ
750 2406 917 2479 Τελχῖνας
939 2400 1147 2478 demereatur.
1181 2402 1354 2491 Postquam

182 2506 315 2574 Graecia
346 2508 460 2574 effoeta
489 2504 635 2595 desipere
659 2504 766 2594 coepit
787 2503 942 2592 po'e'tastri
964 2504 996 2568 in
1017 2504 1159 2570 versibus
1176 2505 1355 2596 pangendis

181 2625 287 2704 spreto
316 2624 418 2679 metro
447 2624 490 2678 et
506 2611 686 2701 quantitate
706 2609 901 2698 syllabarum
921 2610 969 2675 nil
988 2610 1055 2675 nisi·
1072 2623 1220 2677 accentus
1239 2634 1355 2703 seque-

180 2720 313 2799 bantur,
337 2732 374 2785 nt
399 2718 579 2785 trochaicus
606 2717 786 2781 luscum:

382 2819 402 2889 ὦ
427 2823 608 2906 {induisissent
628 2819 759 2888 deseca
782 2822 935 2904 Περσίδων
960 2821 1135 2904 ὑπερτάτη,

180 2932 246 2998 istis
277 2930 434 2996 iambicus
467 2927 647 2993 octonarius
675 2927 767 2993 fieret
795 2950 833 2992 er
865 2941 1055 2994 accentuum
1085 2929 1244 3020 positione
1275 2930 1356 2998 baec

178 3034 473 3128 pronuntiantibus.
521 3033 622 3098 Affert
649 3031 736 3098 hunc
762 3055 887 3099 rersnm
910 3055 983 3100 cum
1004 3035 1114 3100 multis
1132 3036 1203 3102 aliis
1220 3037 1279 3129 qui
1299 3060 1354 3104 re-

178 3143 345 3210 hementer
371 3141 413 3206 da
434 3139 618 3231 aequalium
640 3140 673 3205 in
696 3163 733 3206 aa
756 3163 789 3206 re
809 3141 931 3206 insania
957 3143 1102 3233 queritur
1122 3145 1355 3211 Grammaticus

178 3249 334 3326 incertus,
356 3271 393 3314 ex
414 3270 480 3336 quo
498 3271 570 3337 pag.
595 3249 667 3312 183.
690 3245 753 3310 iem
776 3247 933 3311 nonnulla
959 3247 1174 3327 laudavimus,
1199 3272 1264 3340 quo
1283 3247 1357 3315 rivo

179 3355 256 3420 illae
285 3353 425 3443 ineptiae
452 3351 673 3443 propullulare
702 3363 891 3441 coeperunt:
915 3351 975 3416 τίνι
1001 3351 1258 3437 pisciniensis
1282 3377 1356 3436 προ-

180 3459 298 3542 φάσει,
325 3459 431 3548 inquit
451 3482 481 3547 p.
501 3459 583 3535 669,
607 3460 677 3534 ta,
700 3457 773 3536 πρὸς
792 3455 863 3520 τάδε
886 3457 921 3521 τὸ
945 3463 1001 3530 τῆς
1027 3457 1121 3536 ὁρμῆς
1138 3459 1268 3535 γέγονεν
1294 3461 1357 3538 ἐγὼ

181 3564 239 3645 μὲν
261 3568 323 3646 οὐχ
342 3565 413 3646 ὁρῶ,
436 3565 512 3628 ἀλλ’
527 3563 589 3628 οὐδ’
605 3565 712 3628 ἐκεῖνοι
730 3561 837 3638 λέγειν
856 3559 894 3626 ἂν
912 3560 1024 3641 ἔχοιεν,
1041 3564 1079 3634 ὥς
1094 3564 1230 3640 ἐμαυτὸν
1250 3564 1355 3629 πείθω.

181 3675 225 3739 Ar
245 3670 365 3761 placuit
391 3680 459 3734 tum
481 3666 643 3759 plerisque
665 3665 814 3758 omnibus
833 3677 884 3745 et,
913 3677 949 3731 ut
968 3666 1038 3756 ipse
1057 3668 1153 3758 paulo
1173 3681 1246 3735 ante
1263 3667 1341 3735 dixit
1348 3696 1359 3749 ,¹

181 3775 302 3851 ἐνίκησε
326 3776 368 3842 rei
392 3774 536 3857 χερείονα
554 3773 605 3860 (ex
623 3771 716 3838 lliad.
737 3781 777 3837 A.
793 3774 883 3859 576.)
901 3784 933 3838 et
954 3784 1027 3863 post
1047 3795 1148 3863 pauca
1166 3775 1219 3839 ael
1243 3775 1297 3850 ἤδη
1317 3800 1357 3854 γε

180 3881 216 3946 τὸ
240 3883 336 3947 κακὸν
358 3881 543 3959 ἐξενίκησεν.
581 3878 649 3946 Usu
668 3889 832 3969 receptum
851 3877 893 3943 ah
914 3876 1061 3944 omnibus
1076 3875 1140 3958 est,
1160 3889 1192 3943 et
1211 3876 1360 3944 adhunc

182 3984 268 4051 diem
296 3987 354 4074 qui
381 3985 549 4050 Graeciam
572 3985 721 4050 incolunt
746 3984 860 4051 vitium
882 3983 945 4049 boc
965 3982 1358 4075 constantinopolitanum

184 4089 278 4156 alunt
297 4103 330 4156 et
348 4091 480 4156 forent'
503 4089 586 4155 ilinc
605 4090 725 4158 laetum
745 4102 792 4156 est
812 4102 848 4155 ut
869 4089 1026 4157 Graeculi.
1038 4112 1149 4156 omnes
1167 4103 1357 4159 accentuum

185 4196 291 4265 sedem
324 4219 360 4264 er
388 4194 518 4261 dicandi
544 4217 603 4260 usn
632 4198 707 4262 satis
735 4197 907 4286 diligenter
927 4207 1058 4262 teneant
1081 4209 1203 4262 strare
1224 4219 1358 4288 peccare

184 4306 306 4370 soleant
333 4313 557 4394 praeterquam
585 4300 618 4364 in
645 4300 754 4389 lingua
777 4303 909 4391 antiqua
930 4313 962 4366 et
983 4303 1094 4390 priscis
1112 4303 1277 4369 vocabulis
1297 4303 1359 4373 due

184 4411 260 4476 dum
282 4409 449 4486 obsoletis,
467 4406 570 4472 autin
588 4405 624 4470 iis
641 4406 786 4493 syllabis,
802 4418 944 4496 quarum
955 4409 1166 4495 quantitatem
1185 4409 1360 4488 nescirent,

185 4518 219 4583 in
240 4534 304 4606 quo
325 4538 440 4604 genere
458 4537 512 4580 eos
533 4511 707 4579 sexcenties
729 4513 866 4602 turpiter
885 4535 990 4578 errare
1009 4513 1124 4581 rideas.
1158 4515 1262 4587 Nemo
1281 4514 1359 4579 isto·¹

183 4646 255 4689 rum
281 4622 489 4687 commisisset
509 4620 639 4698 vitium,
669 4617 756 4709 quod
781 4616 935 4683 snmns
953 4617 986 4681 in
1008 4613 1211 4685 terranem·
1227 4623 1358 4710 compa-

182 4728 305 4794 ratione
320 4728 457 4795 -Tlresei
473 4739 505 4793 et
525 4726 664 4794 Romuli
685 4747 753 4815 cap.
773 4729 810 4804 6,
842 4722 898 4813 qui
916 4722 1019 4791 edidit
1047 4727 1079 4791 οὐ
1103 4724 1167 4805 γὰρ
1193 4723 1360 4806 ἀξιώτεραί
