3309 5750
731 671 790 732 111

165 850 257 924 γαῒος
279 839 447 921 Ἀθμονεὺς
470 838 533 917 ε’γό
556 844 615 905 ant
637 840 652 905 ό
671 842 834 923 Φαληρεὺς
856 836 944 917 οὗτοι
964 843 1195 930 Ἀπολλόδωρος
1219 867 1257 916 ex
1285 850 1357 919 llar-

167 954 372 1016 monuisset
394 946 545 1012 Pnaroror.
591 943 629 1010 ln
653 944 908 1011 Aetomeneitoe
927 966 972 1012 rs.
997 952 1063 1015 lot
1335 949 1338 956 '

429 1047 633 1123 Δικαιόπολις
653 1058 751 1116 καλεῖ
761 1061 804 1117 σε’
820 1053 991 1128 Χολλεόδης
1014 1054 1076 1132 ἐγώ

169 1177 232 1224 non
267 1163 395 1223 tantum
419 1155 486 1220 o’i
517 1154 685 1230 Χολλείδης
720 1155 1074 1245 ιθροννοινόιιινι,οινοι1
1104 1158 1174 1227 leve
1199 1170 1272 1242 est,
1303 1164 1358 1232 sed

166 1269 262 1351 turpe
280 1260 399 1326 vitium
418 1257 627 1325 eximendum
651 1257 792 1346 reposito
810 1251 898 1329 καλῶ
915 1281 975 1349 pro
1004 1270 1108 1330 καλεῖ.
1154 1264 1263 1333 lltiam
1281 1268 1358 1337 alibi

167 1386 262 1456 saepe
282 1366 453 1441 Lucienus,
486 1382 581 1450 saepe
610 1364 759 1451 aequales
789 1385 843 1434 res
873 1365 1014 1445 Atticos,
1039 1387 1164 1450 mores,
1187 1370 1357 1454 instituta,

166 1472 272 1559 leges,
293 1468 391 1536 verba
410 1467 555 1553 legitima
575 1488 639 1535 non
661 1471 742 1537 satis
770 1469 945 1558 diligenter
961 1471 1125 1554 referunt,
1148 1473 1276 1545 diversa
1296 1480 1355 1546 mi·

150 1583 281 1652 seem,
304 1572 409 1640 aliena
428 1571 628 1652 admiscent,
653 1574 738 1661 quod
761 1574 847 1643 inlrn
868 1576 1046 1645 ostendam.

211 1682 261 1747 Ex
293 1680 503 1745 Amsrormun
534 1685 567 1745 et
589 1678 702 1747 Atticis
729 1689 863 1770 nonest
888 1681 1019 1751 difficile
1038 1703 1176 1771 arguere
1198 1697 1356 1757 correcto-

164 1806 241 1854 rum
264 1782 481 1850 temeritatem
504 1786 568 1860 20,
595 1789 627 1851 9.
653 1784 737 1852 πάνυ
760 1781 1004 1878 {tradidistis}
1021 1788 1086 1873 γοόρ
1109 1791 1217 1881 ἐσμεν)
1241 1794 1356 1872 ini-ans

165 1886 372 1972 ἄναμνησόεὶς
402 1883 425 1953 όν
458 1888 600 1972 πρότερον
629 1887 710 1957 εἶδον
739 1896 887 1958 ποιοῦντα
906 1929 972 1969 -,
996 1895 1106 1975 βούλει
1128 1902 1179 1981 φῶ
1199 1898 1291 1975 ‘rium
1315 1901 1356 1968 alo

164 1998 262 2067 exilio
282 1990 497 2062 revocandum
519 1995 609 2061 ἀὐτοὶ
632 1994 696 2079 γαρ
724 1997 842 2077 tepeo,
857 1999 985 2071 remotis
1006 2000 1136 2066 artinis
1163 2004 1246 2090 quod
1264 2006 1356 2073 senti-

166 2125 238 2171 mus
256 2102 327 2167 lieet
349 2097 445 2163 libore
465 2097 585 2177 dicere,
603 2108 679 2167 nota
697 2100 852 2183 locutio,¹
866 2104 900 2170 in
920 2122 985 2190 qua
1005 2104 1129 2172 librarii
1151 2108 1285 2176 turbare
1307 2131 1356 2179 so-

166 2207 236 2276 lent
257 2213 291 2273 et
318 2220 414 2271 suum
432 2201 513 2280 μόνον
529 2212 587 2271 aut
609 2206 694 2285 μόνοι
715 2205 833 2275 addere
848 2215 906 2276 aut
929 2209 1145 2291 suostrtuere,
1168 2213 1254 2300 quod
1271 2217 1357 2304 apud

165 2319 293 2381 veteres
313 2308 377 2376 alio
396 2325 494 2374 sensu
513 2309 650 2378 dieitur:
680 2312 816 2378 oliorum
842 2314 963 2381 οιιιοίόιό
985 2316 1124 2382 destituti
1152 2337 1269 2385 ιιινννιιι.
1305 2323 1356 2390 ln·

167 2418 283 2507 spioite
318 2419 338 2481 8
351 2464 360 2493 ,
386 2416 450 2489 10,
485 2419 517 2482 2.
551 2416 639 2483 αὐτοὶ
671 2417 735 2499 γὰρ
756 2420 848 2497 ἡμεῖς
866 2419 983 2499 repis,
1007 2419 1089 2487 bona
1111 2441 1186 2508 pars
1207 2424 1355 2494 codicum

166 2529 275 2593 κοινοῖ
305 2521 390 2601 μόνον
421 2517 486 2601 γὰρ
521 2525 612 2601 ἡμεῖς
640 2520 752 2600 ἐσμέν,
775 2522 861 2608 quod
896 2514 984 2592 reote
1006 2522 1168 2592 abiectum
1195 2535 1266 2603 est;
1299 2515 1356 2598 sed

166 2649 234 2697 uno
253 2626 359 2694 luerat
375 2625 593 2695 abiioiendum
613 2630 704 2707 ἡμεῖς
729 2628 807 2693 item
827 2627 868 2694 ab
888 2626 942 2694 illo
965 2628 1163 2717 adscriptum
1179 2633 1245 2718 'qui
1267 2637 1358 2705 αότοό

165 2734 271 2803 solum
295 2754 357 2801 non
386 2736 465 2803 satis
488 2729 643 2819 capiebat.
690 2733 727 2797 ln
752 2733 901 2799 Pmroms
923 2736 980 2820 qui
1010 2733 1115 2801 iertur
1147 2735 1310 2806 Alcibiade
1331 2740 1356 2809 1.

165 2862 197 2930 p.
214 2845 288 2909 118.
302 2840 336 2907 B.
360 2841 445 2910 male
462 2836 582 2924 legitur
598 2835 757 2920 ὀνομάζειν
778 2837 837 2918 μὲν
854 2839 949 2919 dxvii,
973 2835 1055 2922 όμοις
1079 2842 1133 2922 δὲ,
1156 2843 1261 2923 ἐπειδὴ
1273 2846 1355 2927 μόνοι

162 2946 282 3028 ἐσμέν,
307 2946 420 3029 ῥητέον.
455 2944 696 3031 Cuiuscumque
717 2943 848 3012 tandem
866 2944 926 3012 hoo
947 2947 1107 3035 scriptum
1136 2957 1205 3028 est,
1230 2951 1354 3021 vivebat

163 3057 281 3120 auetor
303 3049 356 3117 illa
380 3058 485 3119 aetate
508 3067 610 3135 quum
636 3069 749 3116 omnes
771 3069 809 3116 eo
832 3069 929 3118 sensu
955 3052 1061 3131 ἐπειδη
1081 3056 1172 3123 αὐτοί
1193 3057 1289 3138 ἔσμεν
1309 3059 1355 3126 di-

164 3155 292 3224 eelinnt.
339 3140 403 3238 Qui
434 3157 620 3223 etiamnunc
654 3154 749 3235 multi
776 3156 880 3242 ipsius
911 3155 1061 3224 Petronis
1093 3158 1256 3248 dialogum
1286 3183 1356 3232 esse

164 3261 375 3349 suspicantur
402 3263 534 3329 videant
560 3279 602 3327 an
626 3259 786 3325 Pniroanrs
804 3260 946 3328 seribere
969 3263 1112 3348 potuisse
1135 3269 1258 3353 possint
1288 3289 1355 3336 ore·

164 3367 244 3435 dere
264 3366 349 3454 quod
369 3367 488 3455 legitur
506 3386 536 3453 p.
565 3368 625 3431 111
653 3363 689 3428 Ι).
714 3365 818 3430 ἱκανόν
839 3365 872 3432 δέ
891 3389 938 3431 σοι
959 3369 1121 3449 τεκμήριον
1143 3367 1190 3436 ότι
1215 3375 1270 3439 οὐκ
1290 3374 1355 3441 ἑπό-

164 3497 279 3545 ςανοαι
313 3474 381 3539 οὐδὲ
411 3473 573 3554 κρήγυοι
597 3465 780 3535 διόοόσκαλοό
798 3470 857 3535 εἶσι
880 3471 996 3536 τούτων
1016 3472 1121 3549 ἐπειδη
1145 3475 1229 3541 οὐδὲν
1248 3478 1356 3556 όμολο·

164 3558 273 3660 γοῦοιν
305 3580 425 3653 ἑαυτοῖς
451 3578 519 3659 περὶ
554 3574 672 3647 αὐτῶν,
708 3572 761 3639 ubi
787 3574 893 3658 ἐπειδη
917 3573 1058 3642 alienum
1086 3583 1137 3643 est
1166 3584 1200 3645 et
1230 3585 1354 3664 κρήγυοι

163 3681 352 3750 ridiculum.
411 3682 557 3749 Alterum
593 3676 750 3746 indioium
774 3677 919 3745 eiusdem
949 3679 1205 3769 interpolationis
1239 3694 1289 3753 est
1321 3689 1356 3756 in

163 3772 316 3856 Petronis
340 3787 560 3875 Ειιόόιηιόοικο,
589 3804 662 3874 pag.
682 3787 758 3853 504.
773 3785 811 3850 Α.
835 3783 1233 3877 μόλιςαμὶκαύτῶκρός
1256 3795 1357 3875 drap.

164 3909 210 3960 λοι
233 3893 316 3974 μόνον
346 3893 567 3973 διαλέγεσθον,
593 3892 619 3957 εἱ
645 3891 677 3957 δὲ
700 3891 767 3968 μη,
790 3889 876 3973 εἴπερ
895 3887 996 3958 ἄλλον
1023 3915 1077 3959 τοι)
1098 3894 1253 3972 όναιοόον,
1278 3899 1355 3968 lusi·

166 4023 216 4066 νοο
228 3999 344 4080 μόνον,
368 3996 399 4074 ὃς
424 3997 463 4064 ἂν
481 3999 553 4077 ὑμῖν
572 3995 641 4078 διδόν’
662 3994 826 4076 ἀργύριον,
851 3993 906 4060 ubi
929 3996 957 4061 si
976 3996 1058 4076 μόνον
1083 3998 1117 4065 in
1132 3994 1280 4087 margine
1302 4025 1356 4096 ap

166 4112 329 4192 ponetur,
363 4103 535 4190 pristinam
555 4101 663 4169 sedem
686 4106 719 4166 et
742 4100 862 4167 iustam
894 4103 1063 4189 receperit.
1110 4103 1148 4171 ln
1169 4107 1263 4175 Lrsm
1280 4130 1357 4198 quo·

168 4229 231 4296 que
251 4214 313 4284 51,
341 4213 393 4274 17.
417 4208 487 4275 τοτὲ
507 4208 565 4287 μὲν
589 4207 683 4279 αὐτός
702 4203 815 4283 μόνος,
831 4206 902 4272 τοτὲ
921 4207 947 4272 δ’
967 4206 1077 4290 ἑτέροις
1093 4211 1262 4290 ἡγούμενος
1287 4215 1357 4284 dili.
1476 4294 1479 4300 Ι

168 4322 285 4402 genter
309 4313 486 4380 videndum
510 4309 652 4398 possitne
673 4308 763 4389 μόνος
788 4310 922 4376 retineri
943 4330 984 4377 an
1014 4311 1124 4380 eodem
1148 4317 1191 4383 sit
1210 4317 1357 4409 ablegan-

170 4417 259 4486 dum.
298 4416 411 4484 Affinis
435 4417 512 4484 huie
536 4414 639 4482 errori
658 4422 708 4480 est
727 4413 832 4493 alius,
855 4414 950 4480 ouius
973 4417 1191 4504 oompluseula
1214 4429 1358 4515 exempla

169 4530 265 4590 sunt:
291 4521 380 4590 disee
401 4523 510 4588 omnia
530 4540 568 4588 ex
590 4539 656 4586 uno
679 4519 764 4607 apud
788 4521 951 4587 Puerorum
972 4520 1007 4585 in
1032 4520 1206 4613 Protoporo
1231 4549 1263 4615 p.
1280 4536 1357 4599 516.

170 4625 204 4694 B.
230 4628 378 4710 πότερον,
403 4626 488 4712 ἔφη,
521 4626 603 4710 μόνῳ
625 4624 808 4708 βουλόμενοι
834 4627 1036 4707 διαλεχόῆκαι
1062 4629 1078 4705 ἢ
1107 4633 1159 4697 καὶ
1188 4634 1273 4712 μετόν
1299 4643 1358 4703 τῶν
