3309 5750
817 608 878 676 tot

253 808 377 902 aliquid
399 807 573 876 titubatum
593 827 660 872 esse
680 802 833 895 suspicari
853 826 976 893 posses,
1005 803 1066 869 nisi
1086 803 1160 870 satis
1180 814 1342 873 constaret
1360 804 1429 875 Lu«.

255 935 400 994 clutton,
436 928 470 982 ut
491 914 632 1005 reliquos
655 934 778 989 omncs,
808 910 989 1001 promiscue
1008 908 1059 976 his
1078 933 1180 976 usum.
1229 910 1279 979 ld
1302 922 1428 981 versuni

252 1028 318 1092 380
353 1023 643 1114 Thesmophorion
677 1018 797 1098 περίθου
824 1042 874 1082 νυν
898 1016 984 1081 robor
1009 1022 1126 1097 πρῶτον
1157 1031 1245 1083 retus
1270 1016 1425 1085 Scholion

253 1129 387 1217 legitur:
415 1172 452 1181 -
477 1129 512 1193 τὸ
536 1127 567 1191 δὲ
592 1123 762 1205 περίθου,
795 1117 869 1201 θπερ
897 1122 971 1198 ἡμῖν
1001 1121 1126 1195 σύνηθες
1152 1121 1280 1186 ἐπίθου
1309 1122 1427 1202 λέγειν.
1522 1147 1524 1151 ·

252 1234 406 1326 Exempla
430 1232 547 1323 passim
575 1229 686 1295 obria:
719 1228 752 1291 in
774 1226 925 1291 Lucmuo
948 1223 1026 1291 haec
1051 1230 1261 1306 sun18,20‚
1283 1230 1335 1292 12.
1359 1230 1428 1293 ἐπί-

251 1341 300 1405 θου
323 1342 379 1414 τὴν
400 1338 499 1420 κόρυν.
538 1339 595 1414 10,
620 1338 678 1412 14,
701 1338 730 1399 4.
758 1333 870 1413 πνοίροον
895 1332 978 1412 ὀρθὴν
1005 1332 1123 1396 ἐπέθου.
1162 1335 1218 1411 11,
1241 1336 1291 1399 16.
1315 1332 1427 1414 πνοίροον

251 1446 411 1526 ε’πνθεῑοοο,
441 1441 524 1506 etin
546 1462 611 1530 quo
632 1439 767 1506 maxime
789 1437 900 1504 sentiri
918 1446 1024 1527 potest
1044 1459 1141 1527 quam
1162 1461 1330 1530 perperam
1349 1436 1446 1524 baec,

251 1549 402 1617 dicantur
427 1551 484 1628 10,
505 1552 536 1614 3.
571 1555 758 1628 προσωπεῖον
785 1544 901 1620 ε’πνθείν
933 1556 965 1610 et
986 1547 1038 1622 47,
1059 1549 1111 1611 33.
1142 1553 1331 1628 προσωπεῖον
1355 1545 1427 1610 ἕπε’-

251 1653 323 1729 θνκέ
346 1676 408 1731 root.

296 1758 334 1823 ln
362 1756 475 1821 libello
505 1756 547 1823 de
575 1756 684 1821 Luctu
715 1758 843 1830 50,12.
878 1756 1049 1835 εὐσχήμων
1075 1754 1129 1819 nol
1159 1754 1256 1827 κοολός
1279 1756 1332 1820 κοί
1358 1756 1428 1822 ποθ’

250 1863 425 1943 ὑπερβολὴν
451 1861 687 1942 ε’ςεφοννυμένος
714 1860 834 1941 ὑψηλὸς
858 1859 1030 1940 πρθκενπου.
1079 1859 1241 1950 Interpres
1273 1868 1306 1924 et
1332 1862 1427 1926 ultra

183 2042 189 2050 ἱ
250 1968 379 2035 modum
404 1977 584 2033 coronatus
602 1967 720 2057 inepte.
767 1967 922 2057 Expunge
944 1966 1080 2032 alterurn
1100 1968 1172 2040 κοιί,
1197 1978 1232 2030 ut
1250 1969 1320 2032 καθ’
1338 1968 1430 2048 ὑπερ·

250 2074 349 2152 βολθν
377 2094 451 2137 cum
479 2071 746 2162 praecedentibus
776 2072 998 2161 coniungatur.
1038 2070 1175 2136 librarii
1196 2093 1289 2161 saepe
1309 2070 1349 2136 de
1370 2093 1428 2138 suo

248 2178 304 2241 κοοί
324 2177 485 2257 inserunt,
509 2178 677 2268 inquere
699 2200 797 2268 quam
818 2176 900 2242 nihil
923 2176 1106 2265 intelligant
1126 2176 1294 2242 ostendere
1312 2176 1428 2243 solent.

211 2315 219 2319 ·
248 2280 289 2346 ln
310 2281 472 2348 Pnssottls
491 2284 659 2373 Apologia
676 2307 710 2373 p.
731 2286 770 2348 21
795 2301 824 2347 u.
849 2281 965 2362 ἑφεξῆς
987 2278 1029 2362 ᾖον
1052 2280 1271 2361 νίοθοονθροενος
1293 2280 1351 2360 μὲν
1373 2282 1428 2348 xci

248 2388 443 2466 λυπούμενος
474 2389 527 2453 κοί
555 2390 655 2461 δεδιὼς
685 2384 731 2453 dre
754 2386 1004 2468 οέπνχθοονθμην,
1030 2385 1065 2450 in
1083 2383 1133 2450 his
1151 2386 1345 2465 λυπούμενος
1375 2387 1428 2451 set

247 2491 349 2572 δεδιώς
372 2493 554 2584 significant
576 2493 662 2572 μεποὶ
688 2493 791 2569 λθπνς
815 2491 875 2557 κοοί
894 2491 978 2562 δέους
1000 2501 1032 2556 et
1051 2488 1096 2556 θπν
1116 2488 1238 2579 pendet
1257 2491 1297 2556 ab
1320 2491 1430 2554 ονίοθοο-

250 2594 384 2673 νθμενος.
434 2597 549 2688 ltaque
569 2620 717 2688 expungo
736 2596 823 2687 prius
844 2595 900 2660 κοοί
918 2619 936 2660 a
957 2594 1057 2660 sciolo
1077 2593 1249 2659 inuectum.
1284 2592 1430 2684 Ineptiur

247 2699 345 2766 etiarn
375 2702 430 2767 κοιί
459 2702 632 2769 insinuarit
660 2726 693 2768 se
726 2705 758 2769 in
788 2704 897 2769 locum
929 2699 1139 2768 Tuucrnlnts
1167 2700 1223 2768 IV.
1258 2703 1308 2768 16.
1343 2710 1428 2767 σῖτον

205 2821 212 2826 ·
247 2804 421 2885 έοπὲρνπεον
446 2809 563 2873 πνικτὸν
587 2809 639 2875 sol
664 2809 884 2890 ροεμοονμένον.
932 2808 1116 2900 Transpone
1140 2815 1226 2885 πῖνον
1251 2807 1426 2887 ροερςοονμέ-

248 2935 296 2976 νον
329 2912 444 2976 πυκνὸν
475 2912 668 2991 ἐσπέμπενν,
706 2935 778 2978 narn
811 2913 857 2978 sic
887 2934 1018 3002 quoque
1046 2923 1174 3002 poterat
1203 2911 1360 2992 scribere,
1394 2926 1427 2980 et

247 3039 345 3108 quam
367 3016 451 3081 male
471 3016 612 3083 abundet
635 3019 746 3083 rocula
768 3018 934 3108 intelliges.
968 3017 1134 3108 Nusquam
1155 3029 1263 3084 autem
1284 3040 1321 3084 ea
1338 3019 1424 3087 fraus

246 3121 428 3190 evidentius
448 3121 647 3212 deprehendi
667 3136 773 3214 potest
793 3147 891 3215 quam
912 3124 1035 3214 inipso
1056 3125 1209 3190 Luclauo
1230 3131 1289 3202 55,
1312 3130 1344 3192 8.
1374 3131 1426 3190 νῦν
1511 3200 1521 3215 .

246 3254 286 3307 νε
310 3225 438 3306 μοίλνςον
465 3228 630 3303 πλνονςίου
654 3253 690 3293 πε
712 3229 765 3294 κυνί
792 3229 902 3294 ἐσθλοῦ
923 3229 976 3293 uoci
998 3230 1117 3310 ἐτοοίρου
1137 3229 1253 3308 οένέμου
1275 3228 1424 3306 δεθροεθοο,

247 3332 304 3397 ubi
327 3354 422 3396 nemo
447 3330 631 3397 recordatus
655 3345 701 3398 est
726 3333 889 3399 Homerici
914 3334 1077 3399 versiculi:

426 3434 549 3513 ἴκμενον
573 3433 654 3517 οὖρον
679 3436 717 3502 ίέν
741 3438 925 3513 πλησίςνον,
950 3440 1057 3503 ἐσθλὸν
1081 3436 1211 3518 ἕποινρον.

244 3539 375 3607 tandem
400 3540 577 3605 urrrrans
601 3540 821 3631 importunum
846 3542 902 3607 κοί
926 3543 1030 3609 eiecit.

290 3645 328 3711 In
357 3647 375 3731 1
399 3648 451 3711 16.
480 3669 539 3734 pro
558 3646 782 3730 μοιτουοῗίζονποο
803 3647 907 3713 scribe
925 3649 1124 3731 ρουπρίζονπον.
1155 3645 1196 3712 cl.
1220 3646 1363 3712 Pluttsott
1381 3648 1422 3714 ad

243 3752 389 3823 Monam.
407 3776 439 3841 p.
463 3754 517 3818 71.
538 3763 569 3818 et
589 3751 659 3837 in§
683 3756 732 3819 17.
761 3753 839 3835 Φέρε
859 3753 961 3819 τοίνυν
984 3750 1149 3830 διδάξομαι
1172 3751 1335 3818 soloecum
1357 3766 1422 3829 est,

242 3871 279 3926 ut
298 3859 367 3941 Φέρ
390 3857 441 3923 toa
476 3859 520 3922 sic
550 3856 723 3924 dicendum
749 3870 797 3924 est
824 3858 901 3942 φέρε
928 3855 1119 3935 διδοίξωροου,
1145 3856 1232 3946 quod
1254 3857 1287 3922 in
1311 3858 1421 3926 multis

244 3964 335 4031 tibris
359 3975 406 4029 est
432 3963 486 4029 sed
515 3976 631 4030 temere
655 3976 808 4056 spretum.

288 4071 327 4138 ln
347 4070 531 4136 Illaetorum
551 4072 778 4162 Praeceptore
798 4073 853 4151 51,
873 4073 903 4136 2.
926 4069 1003 4142 πέυς
1025 4069 1120 4149 μηδὲν
1142 4068 1227 4143 ὄντες
1248 4070 1365 4161 supple
1384 4074 1420 4137 τὸ

241 4178 337 4260 μηδὲν
367 4175 451 4249 θνπες
485 4177 572 4242 etin
594 4180 612 4262 §
634 4180 684 4241 20.
706 4176 761 4259 θροο
787 4178 912 4256 μνίποπε
933 4174 1060 4256 νροίψρς
1085 4174 1102 4250 ἢ
1132 4174 1332 4256 σκεψοίμενος
1355 4201 1419 4242 ποο-

241 4283 347 4366 ρέλθρς
370 4282 508 4347 rescribe
529 4281 662 4364 γροίψοος
686 4305 745 4372 pro
769 4280 908 4363 γροίψρς.

288 4387 326 4454 ln
345 4389 570 4480 Plu'lopseude
591 4392 654 4470 52,
673 4394 703 4454 3.
728 4387 907 4468 Ὠρείθυνοον
932 4384 990 4450 ὑπὸ
1013 4387 1067 4449 τοῦ
1088 4385 1193 4466 Βορέου
1216 4387 1418 4468 νίνορποοοθῆ-

237 4613 306 4669 tam
328 4602 435 4668 sedem
456 4600 566 4680 habet,
596 4601 834 4682 tropaeorum
854 4607 887 4663 et
905 4595 1081 4675 θνθρποιςον
1101 4595 1245 4674 γενέσθαι
1266 4596 1418 4663 dicuntur

239 4728 321 4798 quos
347 4707 544 4799 necopinato
565 4707 612 4777 ris
631 4702 788 4801 oppressit
804 4714 837 4775 et
852 4701 886 4770 in
905 4698 1039 4793 aliquod
1056 4698 1272 4773 infortunium
1297 4701 1419 4791 rapuit,
