3309 5750
791 626 857 691 220

240 832 359 914 θγορθον
381 816 605 913 βαδίζει,’ἰιιου
623 820 941 902 τετυ-διηγουμένων.
971 818 1011 886 lu
1031 819 1193 888 Cicerone
1211 840 1322 914 capp„
1336 824 1377 890 19
1395 832 1423 890 'ct

242 940 297 1002 27.
316 934 470 1015 ἐξανέγνω
487 943 519 999 et
538 926 763 1009 ἐξαναγνόντος
785 925 972 1017 corrigenda
990 928 1117 994 'suntin
1132 927 1285 1007 διανέγνω
1307 939 1343 995 et
1360 930 1422 995 δια-

238 1041 421 1121 ναγνόντος,
457 1050 488 1103 ct
509 1038 543 1103 iu
564 1033 689 1100 Catone
708 1037 839 1101 minore
859 1055 929 1124 cap.
950 1037 1004 1100 63
1025 1034 1217 1114 ἐξαναγνοὺς
1238 1034 1275 1098 τδ
1298 1032 1424 1113 βιβλίον

244 1146 278 1211 in
307 1146 508 1224 διαναγνοὺς,
533 1164 600 1232 quo
622 1140 708 1205 facto
733 1140 864 1208 verbum
880 1140 1164 1219 ἐξανογιγνώοαειν
1181 1161 1204 1203 e
1216 1138 1347 1205 Lexicis
1364 1136 1424 1203 exi·

244 1249 398 1317 mendum
419 1272 486 1314 esse
508 1268 631 1313 censeo.
684 1244 723 1310 Iu
743 1244 920 1312 Alcibiade
940 1250 970 1309 5.
989 1267 1048 1335 pro
1068 1244 1304 1325 ἐξηπορήθησαν
1327 1242 1425 1310 scribe

245 1356 469 1437 δινπορὴθνοαν
490 1364 523 1418 et
544 1353 614 1441 capi
634 1354 687 1417 37.
706 1351 855 1433 διέφυγον
874 1372 933 1440 pro
952 1350 1120 1432 ἐξέφυγον.
1148 1348 1187 1414 In
1206 1348 1354 1415 Lucullo
1363 1372 1429 1440 cap.

249 1467 300 1527 13.
320 1459 390 1550 lege
406 1460 531 1535 διεσώθη
548 1481 607 1548 pro
626 1456 756 1534 ἐξεσώθη
778 1468 810 1521 et
830 1456 865 1521 in
884 1457 995 1523 Arato
1010 1478 1079 1546 cap.
1100 1458 1151 1521 13.
1166 1455 1425 1546 Ρεοδιόλειψενό

246 1567 399 1644 Νεθλκνρς
419 1566 471 1629 τὸν
491 1563 692 1645 Ἀρότρατον,
710 1562 785 1653 quia
804 1584 900 1628 nomo
916 1563 1070 1644 διαλεόφυ
1090 1561 1219 1627 dicebat
1241 1560 1299 1628 sod
1322 1549 1427 1626 omnes

250 1671 424 1753 ἐξαλείφω,
448 1668 584 1735 emenda
605 1669 781 1750 ἐξήλειφεν.
810 1691 852 1734 ne
877 1668 960 1734 forte
980 1667 1090 1733 credas
1112 1667 1322 1733 Pcurancuo
1346 1664 1428 1731 atiud

252 1775 466 1865 compositum
488 1798 585 1865 quam
605 1774 737 1840 caeteris
755 1773 903 1840 omnibus
916 1773 1081 1865 placuisse
1101 1772 1324 1839 animadverte
1345 1769 1428 1863 quod

252 1880 408 1947 continuo
428 1882 590 1972 sequitur:
614 1882 685 1953 τοὺς
714 1881 745 1946 δὲ
768 1881 867 1953 πόδας
893 1879 1139 1962 ἐξαλειφομένου
1165 1886 1220 1945 τοῦ
1243 1878 1428 1961 Ἀριςροέτου

248 1988 410 2053 διαλαθεῖν
443 1988 501 2052 ὑπὸ
537 1988 572 2052 τό
606 1985 695 2068 όόρροα
720 1984 879 2063 λέγουσιν.
928 1983 967 2049 In
988 1987 1082 2069 517.
1104 1983 1230 2062 εὐςόμει
1256 1984 1313 2050 καὶ
1337 1984 1429 2063 μηδὲν

235 2089 339 2174 εθπρς
367 2097 509 2175 φλαῦρον
543 2094 610 2157 θεοῦ
644 2090 743 2168 δεξιοῦ
774 2089 1040 2157 dmsrormrru
1068 2089 1225 2155 describit.
1246 2090 1335 2155 Νυό.
1357 2094 1430 2157 833.

246 2194 380 2276 οθςθροει
408 2197 469 2261 Καὶ
502 2194 708 2277 ρονδὲνεθπρς
731 2200 875 2279 φλαῦρον
898 2195 1012 2277 ἄνδρας
1036 2196 1166 2275 δεξιούς,
1193 2194 1282 2261 unde
1308 2196 1429 2285 corrige

246 2302 333 2373 θεοὺς
364 2299 494 2379 δεξιούς.
542 2300 689 2391 Denique
715 2299 749 2365 iu
780 2304 797 2387 §
828 2304 881 2367 21.
909 2301 1083 2383 τριβώνιον
1103 2301 1185 2382 ἔχων
1220 2301 1427 2383 πολώταθρον.

246 2404 409 2495 'Erpunge
440 2428 478 2471 ex
506 2405 629 2472 Lexicis
659 2406 851 2487 πολόοαθρον
882 2417 915 2472 et
942 2405 1073 2473 restitue
1099 2429 1137 2473 er
1160 2406 1301 2497 Dialog.
1327 2406 1432 2473 Mort.

255 2510 293 2577 X.
318 2513 347 2579 1.
371 2516 401 2577 2.
430 2512 541 2594 γέρων,
570 2512 755 2597 φαλακρός,
784 2512 941 2593 τριβώνιον
963 2510 1045 2593 ἔχων
1066 2513 1252 2595 πολύθυρον,
1273 2511 1308 2577 id
1327 2514 1433 2604 ipsum

244 2618 345 2708 ¹quod
373 2617 550 2710 descripsit.
599 2617 661 2702 Qui
683 2617 831 2707 sequitur
851 2616 981 2682 libellus
1006 2617 1223 2699 Χαρίδημοςῆ
1254 2618 1325 2701 περὶ
1355 2619 1434 2685 noin-

255 2737 328 2796 λους
349 2724 426 2791 item
445 2724 601 2790 insulsum
622 2734 661 2789 et
673 2723 839 2789 inficetum
864 2734 1028 2789 auctorem
1047 2721 1155 2789 habet.
1195 2721 1231 2788 Si
1250 2724 1333 2813 quid
1352 2725 1433 2792 inest

255 2827 353 2909 boni,
386 2830 591 2921 impudenter
613 2828 809 2919 descriptum
832 2842 880 2896 est
899 2851 936 2894 er
955 2827 1131 2897 Isocurrts
1149 2828 1315 2896 lt'noomio
1336 2833 1433 2899 Hele·

255 2957 328 3000 nae.
384 2936 512 3024 Raptim
542 2934 621 2999 haec
654 2934 776 3024 corrige
806 2937 824 3020 §
857 2938 909 3000 11.
942 2935 1064 3001 οέιιοώειν
1091 2937 1192 3002 καλαί
1221 2958 1281 3026 pro
1306 2927 1433 3004 ‘eineder

261 3036 340 3105 εἶναι
370 3039 481 3104 καλαί.
502 3042 591 3126 §td
615 3038 707 3116 δόξαν
731 3039 924 3120 προοοόπτειν
947 3063 1006 3131 pro
1026 3042 1186 3124 προώγειν.
1209 3046 1227 3129 §
1249 3044 1302 3109 lto.
1324 3047 1436 3110 πεπει-

260 3146 372 3227 ρόοοθαι
400 3166 458 3234 pro
486 3145 663 3226 πειροῖπθαι.
690 3150 707 3233 §
731 3148 780 3210 16.
801 3144 915 3227 ἡρώοθν
934 3168 993 3236 pro
1013 3146 1147 3225 ἦγοέπθν.
1168 3150 1187 3233 §
1206 3149 1261 3218 21.
1281 3148 1437 3224 ἐπιθήσεις

257 3273 315 3342 pro
339 3250 468 3331 ἐπιθώπρ
491 3262 523 3315 ct
548 3253 566 3336 §
592 3252 643 3315 22.
667 3246 727 3314 don
750 3274 802 3330 μοι
826 3252 910 3318 δοκεῖ
931 3274 991 3342 pro
1015 3253 1101 3317 δοκώ.

325 3355 364 3421 In
386 3355 520 3422 Nerone
539 3357 645 3436 79,,7.
666 3352 768 3419 scribe
788 3354 893 3438 γελών
913 3378 973 3446 pro
994 3355 1174 3435 γελώνεῖιρ,
1192 3368 1225 3422 et
1243 3369 1434 3450 postpauca

260 3465 314 3530 οώα
337 3464 485 3543 οέποχρών
508 3471 548 3545 τῇ
572 3461 689 3545 σπουδῇ
713 3484 771 3552 pro
795 3465 849 3528 erin
871 3465 1018 3544 οέποχρών
1041 3485 1099 3528 που
1124 3464 1171 3540 δή.

306 3565 341 3633 Si
373 3589 470 3657 quem
496 3564 580 3632 forte
609 3566 697 3632 iurat
726 3566 785 3632 ista
814 3568 960 3635 carmina
975 3568 1100 3658 legere,
1121 3593 1205 3659 quae
1228 3571 1438 3662 apo‘e'taetris

264 3673 544 3763 Constantinopoli
554 3673 731 3762 composita
741 3673 910 3741 Lucianeis
920 3675 1027 3741 nescio
1038 3677 1201 3766 quomodo
1215 3677 1439 3760 adhaeserunt,

251 3795 320 3848 ‚aut
339 3783 376 3859 in
395 3781 601 3869 Anthologin
620 3778 763 3845 Lucruur
784 3783 891 3847 nescio
910 3784 1002 3849 cuius
1021 3782 1088 3850 e'sse
1104 3783 1264 3866 dicuntur,
1280 3786 1367 3853 dabo
1387 3787 1440 3854 hic

263 3889 332 3954 illic
352 3886 450 3977 paulo
470 3885 699 3951 emendatiora.
720 3888 763 3953 80
785 3910 828 3954 rs.
851 3892 923 3954 122.
943 3913 1003 3980 pro
1020 3891 1136 3972 αθροονα
1158 3894 1281 3983 corrige
1302 3896 1439 3976 κοχώνα.

261 3991 389 4057 Nomen
409 3991 459 4055 τόι
482 3990 607 4070 κοχώνα
632 4013 818 4057 noveramus
838 4014 880 4059 ex
904 3995 1147 4063 Anrsrol’urnls
1167 3997 1301 4088 Equiti.
1323 4002 1390 4067 424
1408 4013 1442 4066 et

253 4096 341 4162 ddi.
366 4115 432 4158 csse
457 4094 500 4158 τόν
523 4094 759 4182 τφοοιρώμοοτα,
783 4109 819 4162 ut
840 4097 989 4165 Graeculi
1006 4099 1176 4181 dicebant,
1199 4114 1308 4172 natea.-
1356 4105 1443 4173 Doc-

266 4199 420 4265 tissimam
439 4197 479 4288 de
496 4197 733 4266 hoc-vocabulo
749 4206 990 4272 annotationem
1012 4208 1178 4277 unonnn
1193 4209 1296 4302 reperi
1317 4214 1352 4278 in
1371 4213 1443 4284 cod.

252 4306 552 4385 Vaticanum,
567 4310 680 4396 *quam
708 4330 811 4400 nuper
840 4333 913 4378 curn
936 4311 1048 4380 ceteris
1073 4317 1237 4383 Enorruur
1256 4309 1444 4410 fragmentis

270 4410 371 4478 edidit
391 4411 596 4479 virsdoctiss.
615 4413 836 4484 Dnuruuruc.
865 4418 1029 4487 Laudatur
1046 4422 1283 4497 ἰώίΕόπολιςέν
1297 4426 1448 4504 Κόλαξιν.

299 4520 302 4527 ’
591 4519 816 4605 καδέπικινεῖς
840 4535 913 4597 ταῖς
936 4529 1090 4607 κοχώναις
1154 4583 1157 4587 .
1225 4522 1226 4525 “

343 4690 345 4694 ,
405 4700 412 4705 ‚
549 4634 553 4645 ’
595 4625 648 4710 οιαὶ
674 4624 788 4701 πείθεις
812 4627 877 4695 ώνώ
899 4625 1007 4715 σκέλος.

269 4726 381 4797 vitiose
404 4728 521 4820 scripte
544 4731 700 4819 pro:'=·
783 4782 787 4790 ,
