3309 5750
873 627 915 688 96

290 813 400 866 rerum
425 804 457 865 et
487 797 645 865 sermonis
675 798 864 885 peritissimi
896 817 936 864 ex
969 797 1117 865 absurdis
1146 801 1317 888 seripturis
1350 803 1482 872 eliciant

291 925 393 972 veras.
417 904 479 987 Qui
498 904 704 973 librariorum
725 906 952 972 auctoritatem
977 914 1009 969 et
1033 904 1127 971 fidem
1151 907 1275 974 criticis
1296 919 1481 995 opponunt,

291 1010 464 1077 defendant
497 1017 530 1075 et
554 1018 707 1076 tueantur
737 1035 865 1080 εκτάτνν
892 1013 956 1089 yria
983 1030 1041 1096 pro
1075 1010 1248 1090 ἔγκτασιν,
1276 1018 1402 1081 nodatos
1426 1037 1484 1103 pro

291 1117 437 1194 πόθοδον,
461 1140 615 1198 vaporato
639 1138 697 1204 pro
720 1116 870 1200 πράτοις,
894 1113 1066 1181 defendant
1089 1116 1186 1182 iidem
1208 1121 1483 1201 avertentiam,

291 1222 376 1310 quod
399 1223 432 1288 in
451 1222 565 1290 iisdem
589 1222 680 1288 libris
702 1230 771 1299 est,
794 1242 853 1309 pro
875 1220 1153 1300 συμπνευσάντων,
1176 1233 1233 1290 aut
1257 1224 1285 1289 si
1308 1225 1342 1290 id
1365 1246 1383 1291 a
1407 1247 1486 1293 sano

293 1337 412 1415 negant
443 1328 513 1396 fieri
538 1349 650 1415 posse,
687 1348 789 1415 aequo
818 1328 927 1393 animo
957 1327 1123 1412 patiantur
1145 1329 1332 1396 manifestos
1359 1352 1486 1399 errores

299 1433 452 1501 adversus
474 1435 619 1501 omnium
650 1434 805 1499 librorum
836 1431 967 1498 dubiam
998 1440 1031 1498 et
1065 1431 1218 1500 Punicam
1239 1434 1332 1501 fidem
1365 1438 1485 1524 ubique

296 1538 363 1605 tolli
386 1547 418 1605 et
439 1539 623 1617 emendari,
645 1549 677 1606 et
707 1539 889 1624 intelligant
910 1536 1068 1623 denique,
1092 1538 1164 1625 plus
1191 1559 1260 1606 esse
1280 1542 1433 1627 praesidii
1451 1544 1486 1608 in

294 1647 392 1711 unius
412 1646 500 1710 aouti
524 1653 556 1710 et
580 1645 737 1730 ingeniosi
767 1646 874 1710 oritiei
898 1663 974 1708 sano
998 1643 1119 1709 iudicio
1146 1645 1312 1732 solidaque
1335 1646 1484 1713 doctrina

298 1771 395 1837 quam
414 1751 448 1815 in
466 1750 594 1815 acervis
616 1748 763 1816 oodioum
788 1750 828 1816 ab
852 1748 990 1816 indoctis
1013 1756 1046 1815 ot
1069 1748 1193 1818 stolidis
1216 1750 1464 1838 descriptorum.

341 1856 366 1921 E
388 1855 580 1921 diverticulo
603 1856 636 1920 in
661 1856 747 1922 viam
771 1853 867 1922 redeo
885 1853 926 1920 ad
950 1852 1030 1919 illud
1049 1854 1134 1939 quod
1153 1854 1319 1934 dicebam,
1343 1860 1485 1943 partiou-

296 1960 361 2027 laut
392 1959 431 2026 άν
455 1959 509 2024 ubi
534 1959 640 2025 verbis
671 1959 797 2041 νομίζω,
832 1960 926 2037 δοκῶ,
959 1954 1067 2038 οἷμον,
1104 1964 1258 2042 ripoinus,
1288 1963 1404 2045 ἐλπίζω
1428 1971 1487 2030 aut

295 2066 455 2133 similibus
478 2065 675 2131 infinitivum
699 2064 890 2131 habentibus
914 2061 1022 2128 addita
1046 2074 1095 2133 est
1123 2066 1162 2132 ad
1190 2067 1386 2134 infinitivum
1410 2069 1488 2135 reie-

295 2173 429 2241 rendam
446 2191 534 2238 esse:
557 2170 708 2236 vitiosum
733 2179 782 2237 est
806 2172 907 2256 igitur
931 2174 993 2253 49,
1020 2176 1074 2239 17.
1100 2173 1161 2252 ἐγὼ
1183 2174 1240 2253 μὲν
1261 2175 1333 2252 ὑμῖν
1357 2174 1488 2258 ἔγραφον

297 2280 368 2353 τοὺς
404 2276 534 2357 νόμους,
562 2274 637 2350 οἵους
670 2274 714 2341 άν
746 2274 831 2359 ᾤμην
855 2277 1119 2359 ὠφελιμωτάτους
1148 2277 1270 2345 ἔσεσθον
1304 2291 1343 2364 τῇ
1375 2281 1489 2369 πόλει,

261 2369 272 2395 ⁰
297 2387 372 2472 quia
395 2383 517 2451 ἔσεσθον
536 2381 575 2448 άν
596 2381 660 2447 diei
684 2402 746 2447 non
769 2391 874 2468 potest
899 2392 931 2449 et
953 2382 992 2450 άν
1016 2384 1274 2470 expungendum.

340 2490 493 2566 Librarii‚
516 2489 571 2575 qui
590 2496 657 2553 tam
680 2487 790 2554 sedulo
812 2490 940 2555 aoristis
963 2510 1038 2556 cum
1061 2488 1100 2555 άν
1117 2489 1298 2558 coniunctis
1310 2489 1486 2556 substitue·

295 2595 373 2663 bant
396 2594 521 2671 lutura,
542 2603 655 2662 oontra
675 2593 814 2660 assolent
839 2592 959 2662 futuris
977 2596 1173 2666 substituere
1196 2594 1331 2660 aoristos
1354 2597 1487 2661 coniun-

297 2702 374 2768 ctiri
387 2708 457 2788 post
474 2699 733 2765 oorriunctionem
756 2695 837 2773 ὅπως
850 2707 882 2766 et
904 2705 962 2779 άς,
986 2703 1076 2788 quae
1092 2699 1177 2790 apud
1191 2702 1396 2792 ¹recentiores
1420 2722 1488 2767 sae·

298 2809 430 2896 pissime
450 2826 507 2893 pro
529 2802 610 2878 ὅπως
635 2812 820 2891 usurpatur.
852 2806 910 2871 Est
930 2805 989 2873 boe
1013 2806 1128 2871 vitium
1154 2805 1187 2869 in
1208 2806 1319 2892 paneis
1339 2806 1488 2894 frequen·

298 2915 461 2980 tissimum
494 2911 579 2997 apud
602 2931 721 2984 omnen,
745 2911 777 2974 in
808 2910 899 2977 libris
920 2913 1083 2986 omnibns,
1113 2912 1210 2977 etiam
1240 2913 1488 2992 vetustissimis,

299 3018 355 3086 sed
378 3018 496 3083 eresoit
519 3017 610 3102 eopia
631 3024 666 3080 ut
698 3016 835 3102 quisque
866 3016 947 3083 liber
969 3026 1017 3083 est
1041 3017 1219 3082 recentior:
1245 3019 1276 3081 in
1307 3020 1489 3084 recentissi-

301 3124 363 3190 mis
391 3121 457 3188 iere
482 3129 671 3209 perpetuum
700 3127 758 3187 est.
806 3120 892 3186 Nihil
916 3130 985 3200 est,
1009 3120 1093 3209 quod
1125 3120 1356 3188 homunciones
1379 3123 1420 3189 ab
1451 3144 1488 3191 eo

297 3248 407 3296 errore
436 3226 597 3294 retrabat:
636 3226 784 3312 iugulant
819 3236 976 3304 metrum,
1008 3228 1166 3293 immanes
1202 3226 1417 3293 barbarismos
1441 3250 1488 3295 se·

300 3335 372 3401 euri
388 3333 596 3399 committunt
624 3331 721 3418 idque
739 3353 777 3398 eo
793 3332 920 3398 laoilius
943 3333 1020 3420 quia
1045 3351 1108 3398 una
1131 3340 1259 3398 tantum
1291 3333 1411 3399 vocalis
1434 3345 1491 3402 aut

298 3439 518 3528 diphthongus
552 3438 726 3510 discrimen
770 3438 829 3505 boo
872 3437 958 3509 iacit.
1012 3438 1048 3505 lo
1088 3440 1307 3505 Anrsroruanrs
1348 3438 1492 3507 Nubibus

299 3566 346 3614 vs.
364 3549 444 3627 258:
1384 3554 1393 3563 ”

480 3648 579 3733 ὥσπερ
602 3675 644 3728 με
667 3651 719 3716 τθν
742 3647 916 3728 Ἀθάμανθ’
939 3647 1019 3722 darno
1042 3651 1087 3728 ab
1111 3649 1228 3715 θύσετε.

300 3756 376 3822 libri
404 3756 517 3842 seripti
550 3774 660 3820 omnes
690 3774 764 3819 eum
800 3755 1087 3840 praestantissimis
1117 3754 1292 3820 Rauennate
1314 3764 1347 3820 et
1378 3757 1498 3825 Veneto·

301 3870 430 3928 serrant
461 3860 593 3936 θθσντε,
626 3858 711 3945 quod
744 3879 858 3936 nemo,
883 3879 997 3945 sporo,
1021 3852 1165 3946 redipiet.
1212 3861 1302 3926 Plani
1328 3872 1406 3928 sunt
1430 3860 1487 3931 ltu-

304 3965 444 4032 iusmodi
470 3985 616 4032 errorum
641 3985 746 4029 omnes
770 3963 922 4029 Veterum
947 3964 1040 4042 libri,
1066 3974 1098 4031 et
1121 3966 1177 4052 qui
1205 3966 1288 4031 volet
1308 3966 1395 4033 unde
1409 3968 1491 4033 volet

302 4090 454 4156 magnam
479 4071 602 4156 oopiam
627 4068 774 4154 colliget,
799 4090 863 4155 qua
886 4072 1005 4156 optime
1033 4079 1146 4136 utatur
1165 4070 1204 4136 ad
1229 4064 1347 4136 similia
1375 4072 1489 4139 menda

302 4175 432 4243 aliunde
460 4174 604 4241 eluenda.
653 4175 817 4239 Tenentur
841 4175 874 4240 in
899 4175 1067 4241 manifesta
1090 4175 1202 4242 fraude
1222 4177 1488 4264 interpolatores,

307 4281 362 4347 ubi
380 4278 527 4354 futurum
549 4289 577 4346 et
598 4280 737 4345 aoristus
760 4301 821 4347 non
837 4301 900 4349 una
918 4280 1020 4347 vooali
1036 4281 1091 4348 sed
1111 4291 1177 4351 tota
1196 4280 1298 4351 forma
1318 4282 1488 4359 differunt,

305 4394 338 4452 at
357 4384 403 4449 illi
421 4387 591 4472 antiquum
614 4386 760 4452 obtinent
778 4394 970 4473 mutantque
993 4387 1271 4467 terminationem,
1288 4389 1374 4455 unde
1387 4392 1488 4457 nasoi·

303 4499 360 4558 tur
389 4510 480 4557 mera
502 4478 674 4559 barbaries.
709 4492 810 4559 babo
837 4513 938 4578 pauca
969 4493 1124 4580 exempla.
1172 4493 1259 4561 Sroa.
1284 4495 1398 4562 Florit.
1426 4501 1485 4571 19,

306 4604 358 4669 16.
382 4594 462 4673 άτος
485 4596 705 4675 durabiliores.
730 4604 790 4678 18,
805 4603 857 4667 58.
871 4596 950 4673 άτως
974 4597 1202 4684 impediamur
1218 4598 1331 4666 lluaoo.
1347 4652 1355 4678 ,
1382 4600 1417 4667 V.
1433 4606 1484 4667 25.

305 4703 395 4772 codd.
423 4700 497 4778 ὅκως
526 4703 697 4784 triturat,
733 4706 789 4770 ino
813 4705 926 4773 Cirnrs.
953 4710 983 4770 8.
1009 4725 1040 4790 p.
1066 4710 1136 4772 156.
1162 4703 1242 4782 θτως
1267 4709 1311 4785 μὲν
1336 4706 1490 4778 ἔσωντνω,
