3309 5750
848 647 910 711 177

297 862 339 905 vs.
360 840 391 906 6.
414 837 555 919 μέμνντο
575 837 625 914 δὲ,
650 832 671 902 ὦ
692 837 842 919 τοορθένε.
867 834 914 902 ὅτι
935 862 971 903 σε
996 836 1134 916 ποίμνιον
1155 836 1280 919 ἔθρεψεν
1303 838 1393 905 aare
1412 841 1465 906 νοοῖ

296 942 327 1012 εἷ
345 945 511 1021 nand-sic
532 944 598 1010 siue
618 966 711 1010 sensu
733 941 841 1009 Codex
859 955 891 1009 et
912 942 1078 1008 editiones.
1118 942 1189 1008 Duo
1209 942 1363 1010 vocabula
1381 945 1467 1011 erci-

298 1048 433 1115 derunt:
453 1040 536 1141 ‘lege
560 1051 612 1115 κοοὶ
640 1052 674 1115 οὲ
708 1050 847 1128 ποίμνιον
879 1046 1022 1129 ἔθρεψεν,
1055 1049 1145 1113 οέλλθο
1170 1047 1223 1112 sai
1253 1045 1291 1119 ὣς
1317 1045 1348 1114 εἷ
1369 1052 1465 1128 κοολνὶ.

236 1192 240 1199 ·
295 1154 372 1245 Pag.
395 1160 446 1222 28.
480 1156 647 1237 ἐρυθήμοοτι
684 1155 902 1233 ἐνεπίμπλατο
947 1151 1055 1219 Codex
1080 1166 1112 1218 et
1139 1153 1314 1219 Editiones.
1357 1152 1468 1220 Scribe

296 1259 496 1339 ἐρυθήματος,
520 1258 747 1348 compendium
769 1243 905 1339 ἐρυθθμᾶ
926 1258 1054 1323 indocte
1074 1258 1237 1348 expletum
1259 1283 1326 1325 esse
1346 1262 1468 1326 intelli·

294 1364 352 1456 gis.
399 1366 471 1455 Pag.
492 1370 535 1431 29
556 1365 639 1431 male
660 1364 812 1431 Cuunrutt
833 1388 870 1430 ex
889 1363 967 1432 Cod.
989 1367 1079 1431 affert
1099 1372 1285 1449 λευκθτερον
1306 1379 1338 1432 et
1357 1360 1415 1431 τῶν
1435 1367 1467 1431 δὲ

295 1469 437 1551 πρότερον
461 1470 588 1550 χρόνον.
625 1470 692 1535 sine
722 1453 828 1536 errore
858 1470 957 1536 habet
985 1471 1068 1537 iiber
1095 1473 1272 1553 λευκότερον
1301 1484 1333 1538 et
1361 1473 1413 1536 τὸν
1435 1471 1466 1535 δὲ

296 1575 441 1655 ττρθτερον
461 1575 586 1656 χρόνον,
622 1576 675 1642 sed
703 1575 800 1642 habet
832 1577 942 1643 vitium
968 1578 1003 1641 in
1025 1577 1122 1657 μέχρι
1142 1582 1196 1641 τοῦ
1220 1576 1258 1641 θον
1283 1575 1465 1657 διοιβρέξοοι,

296 1678 413 1743 deinde
442 1703 508 1745 uon
539 1681 675 1759 ἠμέλητο
700 1680 752 1744 sai
781 1682 926 1761 θοέγέλν
959 1680 1014 1748 sed
1042 1684 1180 1759 ἠμελεῖτο
1206 1684 1222 1758 ἦ
1245 1682 1369 1759 ἐγέλν,
1402 1703 1467 1771 quo

296 1785 423 1849 facilius
442 1789 589 1863 ἠμελεῖτο
612 1784 794 1874 corrigitur,
828 1799 897 1852 tum
924 1786 1052 1851 exhibet
1072 1785 1177 1864 χλθοις
1197 1794 1332 1868 κοοιριννῖς
1355 1808 1468 1877 super·

294 1889 418 1980 scriptis
438 1916 472 1966 νς
492 1891 593 1968 etde,
625 1903 659 1955 ut
679 1892 735 1956 fiat
758 1892 859 1973 χλθνς
884 1895 1008 1974 θερινῆς.
1031 1951 1033 1953 .
1054 1889 1215 1957 Continuo
1235 1891 1394 1981 sequitur:
1423 1894 1466 1964 εἰς

294 1994 388 2074 μόνον
413 1993 513 2069 Χλθνν
539 1994 682 2073 ἐγίγνετο
703 1994 801 2069 λοέλος
836 2008 901 2061 tam
927 2019 1073 2086 perverse
1094 1995 1216 2060 dictum
1239 2007 1336 2086 atque
1354 2004 1466 2063 λοολεῖν

294 2098 337 2171 εἷς
362 2123 443 2163 τινοο.
470 2097 591 2188 corrige
611 2100 683 2180 πρὸς
704 2100 811 2176 μθννν.
861 2101 1007 2192 Denique
1032 2102 1066 2167 iu
1087 2101 1207 2168 Codice
1237 2124 1303 2166 uon
1328 2114 1375 2168 est
1398 2100 1467 2167 θνθ

294 2204 417 2287 Δθριιοιν
440 2206 632 2285 ἐχοιρίσιοτο,
659 2204 713 2270 sed
737 2208 921 2287 ἐδυρήοοοτο.

340 2310 526 2375 Percurram
556 2331 642 2373 nunc
672 2312 875 2377 Pastoralia
901 2326 932 2378 et
959 2313 1109 2378 indicabo
1136 2312 1252 2403 quibus
1274 2312 1353 2377 loeis
1372 2334 1391 2376 e
1410 2332 1493 2377 co·.

294 2410 364 2478 dice
393 2413 590 2479 Florentino
618 2414 778 2480 emendari
808 2418 948 2506 possint,
985 2418 1121 2483 subinde
1150 2416 1299 2482 nonnihil
1326 2417 1366 2482 de
1392 2438 1466 2482 meo

295 2518 478 2609 adiungens.
527 2519 600 2609 Pag.
622 2524 650 2584 6.
673 2520 836 2587 Counttttt.
861 2524 995 2600 νομίσεις
1020 2526 1052 2588 οὐ
1076 2521 1165 2586 ντθλιν
1185 2521 1274 2600 ἐρεῖν,
1299 2522 1389 2584 οέλλθο
1415 2527 1466 2593 νῆ-

294 2647 356 2690 σον.
382 2625 532 2704 Νομίοεις
554 2624 725 2691 barbarum
746 2639 792 2693 est
812 2640 843 2693 et
865 2651 934 2693 sero
952 2626 1126 2693 admodum
1146 2624 1324 2689 istiusmodi
1344 2618 1483 2691 formae

294 2750 354 2793 usu
372 2742 518 2820 receptae
537 2742 610 2795 sunt
629 2731 669 2795 ab
690 2732 853 2813 omnibus,
872 2733 989 2799 deinde
1003 2732 1118 2825 passim
1140 2732 1172 2795 in
1189 2743 1331 2798 veterum
1350 2731 1467 2820 scripta

292 2834 451 2916 invectae,
483 2836 569 2904 unde
591 2837 758 2904 maximam
782 2852 907 2929 partem
928 2839 993 2911 iam
1014 2825 1162 2930 expulsae
1181 2849 1272 2916 sunt,
1306 2834 1466 2929 quidquid

295 2953 392 3006 restat
422 2943 533 3011 eodem
558 2945 655 3011 modo
675 2946 916 3013 eliminandum.
957 2947 995 3011 ln
1022 2946 1140 3013 Codice
1162 2945 1387 3027 estaminia,
1413 2942 1467 3008 eui

295 3046 321 3111 si
340 3045 379 3112 eir
399 3048 557 3116 addideris
581 3051 699 3116 Graece
720 3050 841 3118 dictum
863 3053 932 3118 erit.
980 3052 1103 3117 Eodem
1124 3049 1220 3114 modo
1243 3047 1278 3112 in
1297 3049 1466 3115 Pectora·

293 3154 380 3219 lidus
410 3169 524 3245 qnater
552 3158 758 3248 peccatoria
783 3159 899 3235 κομίσω
927 3181 986 3247 pro
1007 3163 1113 3236 κομιεῖ.
1133 3179 1164 3244 p.
1185 3157 1238 3240 86.
1263 3155 1464 3232 κομίοουοοιν.

261 3326 268 3339 ,
293 3282 325 3348 p.
348 3263 423 3325 160.
443 3263 593 3338 κομίσειν.
618 3289 648 3353 p.
673 3266 745 3328 166.
770 3264 953 3339 κομίοουσοο.
977 3288 1007 3353 p.
1033 3266 1105 3326 167.
1128 3259 1329 3337 κομθοουοοον.
1366 3260 1466 3324 Recte

296 3362 373 3430 Cod.
402 3390 433 3455 p.
457 3370 531 3433 157.
555 3369 734 3449 χυριεῖοθοιι
764 3366 854 3432 dedit
882 3390 941 3457 pro
968 3367 1174 3448 χνρθσιισθοιι.
1223 3361 1295 3427 Non
1326 3376 1373 3428 est
1402 3364 1467 3430 huc

294 3469 489 3537 trahendum
515 3473 625 3553 ουρίοιο
650 3497 681 3562 p.
702 3475 754 3536 79.
773 3472 935 3551 ουρίοετε,
961 3496 1034 3538 nam
1057 3471 1189 3535 Loacus
1210 3470 1359 3548 συρίττοι,
1384 3470 1467 3550 τυρί-

295 3585 356 3652 ao.
382 3580 510 3660 ἐοθρισοι
531 3591 639 3642 contra
663 3600 755 3643 usum
783 3577 931 3643 Veterum
952 3579 1090 3643 seribere
1107 3577 1198 3641 solet.
1228 3574 1355 3639 tbidem
1376 3601 1406 3666 p.
1423 3581 1466 3642 79

296 3682 444 3750 vitiosum
474 3695 521 3748 est
549 3685 718 3762 νεμθοετε,
745 3683 800 3748 sed
816 3684 919 3773 ‘ipsius
942 3684 1090 3749 Rhetoris
1113 3683 1190 3747 ritio
1211 3694 1380 3772 peccatum
1400 3704 1468 3747 esse

296 3788 456 3878 suspicor,
489 3773 562 3854 nam
592 3800 624 3852 et
649 3787 727 3853 alios
754 3789 798 3854 ita
823 3789 888 3855 ridi
908 3811 1151 3880 nonnumquam
1175 3810 1294 3866 errare,
1319 3799 1354 3852 ut
1380 3787 1467 3854 Piu-

296 3912 457 3962 uattcttuu
485 3895 518 3961 in
550 3893 696 3961 Caesare
721 3899 772 3962 19.
806 3898 1060 3975 ἐπινεμήοεοθοοι.
1110 3897 1243 3961 Formae
1274 3895 1403 3960 vitiosae
1431 3893 1466 3959 in

294 4000 365 4064 -θυοι
387 4013 419 4066 et
436 4001 560 4080 -ίοομλι
579 4025 637 4092 pro
657 4004 705 4067 -iai
728 4014 761 4067 et
779 4008 901 4080 -ιοῦμοοι
924 4004 1039 4093 passim
1061 4004 1255 4091 irrepserunt
1276 4000 1310 4066 in
1331 4002 1467 4092 scripto·

293 4128 343 4172 res
368 4107 511 4187 Atticos,
545 4131 682 4198 quorum
711 4107 846 4174 Codices
875 4130 935 4173 nee
965 4121 1084 4174 veteres
1109 4130 1169 4172 nec
1189 4107 1268 4171 boni
1286 4119 1465 4196 supersunt.

293 4210 408 4302 Itaque
429 4213 462 4277 in
485 4213 585 4278 Lista
605 4206 755 4304 persaepe
779 4225 948 4304 apparent,
972 4226 1007 4279 ut
1028 4213 1099 4280 XII.
1114 4217 1165 4278 44.
1190 4210 1270 4283 daus
1289 4215 1366 4290 μήτ’
1379 4215 1466 4290 ἐνοι-

294 4318 341 4383 θὸν
375 4321 471 4398 μηδὲν
502 4320 681 4401 ψηφίοεοθε
705 4323 827 4384 πολλῶν
852 4344 888 4384 τε
918 4321 1029 4391 ἐνδεεῖς
1057 4318 1180 4393 ἐοεοθε,
1215 4318 1272 4383 ubi
1298 4341 1466 4408 perperam

292 4422 490 4504 ψηφίσαισθε
511 4425 738 4514 rescripserunt
757 4440 816 4513 pro
836 4426 1017 4505 ψηφιεῖσθε.
1061 4422 1101 4488 In
1122 4423 1354 4489 Xnnot’noruls
1373 4425 1465 4491 Hell.

293 4523 350 4592 IV.
364 4529 439 4592 'vttt
462 4532 490 4594 1.
515 4530 597 4595 male
616 4528 833 4597 Scttattrttntts
851 4527 1051 4607 ἐντειχίσοιεν
1069 4526 1201 4606 invexit,
1218 4528 1299 4593 bene
1316 4527 1466 4592 Drunott-

292 4649 365 4698 tuus
382 4634 584 4713 ἐντειχιοῖεν.
628 4634 753 4714 Κομιόοι
788 4644 819 4699 et
854 4630 971 4697 similia
1004 4631 1109 4696 omnia
1140 4632 1224 4724 apud
1256 4632 1465 4702 Athenienses

292 4738 572 4808 coniunctirorum
593 4741 701 4807 coristi
720 4752 809 4824 sunt,
836 4752 871 4806 ut
891 4740 925 4806 iu
937 4738 1049 4807 Pluto
1068 4741 1144 4809 768.
