3309 5750
824 635 890 698 303

261 828 408 918 Mergite:
433 828 485 893 τὸν
515 828 541 893 δ’
563 827 634 892 οὔτε
655 834 827 906 σκαπτῆρα
852 827 910 892 θεοί
938 827 1031 895 θέσαν
1050 829 1114 895 τότ’
1136 833 1291 916 ἀροτῆρα,
1315 848 1349 903 ει
1369 863 1438 906 seg.

261 935 381 1000 centies
409 932 493 1024 apud
517 933 689 999 ttonsnun
713 944 746 998 et
765 940 876 1023 poetas
902 945 1022 1000 veteres
1042 957 1161 1003 omnes.
1210 938 1251 1004 dt
1274 964 1370 1010 nemo
1391 946 1437 1011 sic

258 1040 293 1106 in
321 1040 427 1105 Attica
456 1039 650 1129 loquebatur
681 1051 715 1103 ut
746 1038 916 1115 Lucterius
947 1044 1006 1118 64,
1044 1044 1071 1106 1.
1100 1039 1224 1120 ἀβατον
1250 1047 1305 1120 τήν
1330 1050 1437 1130 χώραν

259 1147 376 1222 τίθησιν
399 1159 454 1211 aut
476 1150 534 1225 20,
565 1135 621 1211 60.Ι
642 1143 812 1225 μακρόβιον
840 1143 966 1217 έθεσαν,
991 1157 1046 1211 eut
1066 1150 1104 1224 9,
1132 1150 1188 1226 14,
1212 1151 1242 1213 2.
1267 1149 1451 1235 ὑπόπτερονΙ

256 1249 361 1328 έθηκεν
394 1265 451 1317 eut
480 1257 537 1331 17,
574 1234 612 1317 7.'
632 1251 732 1325 τίθησι
760 1249 885 1320 δούλους
906 1250 978 1313 ἀντ’
1007 1250 1185 1331 ἐλευθέραν,
1219 1263 1274 1318 eut
1297 1258 1359 1334 45,
1386 1263 1437 1324 13.

256 1354 486 1435 περιβλέπτους
515 1357 569 1421 καὶ
604 1354 760 1432 ἀοιδίμους
795 1352 825 1417 έν
854 1354 979 1434 βραχεῖ
1001 1355 1118 1431 τίθησιν
1141 1368 1196 1421 aut
1221 1361 1279 1435 49,
1305 1361 1356 1426 16.
1379 1368 1434 1427 τοῦ

254 1459 362 1539 ἀςέρος
392 1462 444 1525 τόν
467 1461 545 1542 ἀέρα
566 1460 653 1539 ξηρὸν
675 1458 728 1523 καί
752 1460 867 1532 διακαή
891 1459 1043 1534 τιθέντος,
1064 1472 1120 1525 eut
1140 1464 1201 1542 60,
1226 1466 1280 1531 25.
1304 1470 1355 1530 νῦν
1376 1468 1434 1545 μέν

256 1564 365 1643 Νίνον,
401 1570 452 1630 νῦν
489 1567 520 1658 δὲ
553 1562 735 1643 Μητίοχον,
760 1559 832 1629 εἶτα
861 1565 946 1641 μετά
971 1567 1078 1645 μικρὸν
1106 1568 1269 1647 Ἀχιλλέα
1296 1572 1434 1651 τιθεῖσα,

254 1680 287 1734 et
317 1668 416 1748 alibi,
447 1692 530 1760 quae
559 1668 606 1735 ab·
631 1670 769 1748 Ηοιικιιο
794 1680 824 1733 et
847 1668 987 1758 Tragicis
1006 1683 1111 1736 sumta
1131 1671 1276 1763 reliquae
1295 1676 1432 1743 orationi

253 1798 319 1868 non
344 1776 418 1842 setis
443 1776 671 1842 convenienter
692 1774 806 1840 inserta
829 1787 912 1841 sunt.
959 1775 1149 1844 contrahis
1171 1782 1325 1847 ποιεῖσθαι
1351 1780 1431 1847 dixit

250 1882 311 1950 <ubi
331 1881 445 1947 melius
470 1882 614 1946 τίθεσθαι·
632 1880 789 1970 posuisset
809 1884 868 1971 41,
892 1885 922 1949 6.
942 1880 1031 1961 νόμον
1055 1884 1240 1959 ἐποιήσαντο
1260 1895 1292 1949 et
1313 1889 1372 1962 45,
1397 1888 1430 1951 9.

255 1987 345 2065 νόμον
380 1986 567 2062 ποιήσασθαι
598 2008 657 2075 pro
688 1985 788 2051 ἔθεντο
822 1997 857 2052 et
876 1987 1003 2065 θέσθαι,
1035 1987 1124 2078 quod
1153 2012 1263 2056 omnes
1289 1990 1323 2055 in
1342 2013 1379 2056 ee
1399 2008 1432 2056 re

253 2092 413 2159 dicebant.
458 2089 616 2157 Similiter
646 2091 739 2157 nullo
768 2092 916 2183 exemplo
947 2093 1028 2158 dixit
1059 2099 1094 2172 4,
1130 2096 1158 2160 1.
1188 2097 1316 2177 γραφήν
1345 2093 1430 2161 ἔθετο

240 2221 312 2289 -pro
332 2196 510 2276 έρράψατο.
545 2196 592 2261 Er
616 2196 723 2262 Po‘e'tis
742 2197 877 2286 erripuit
895 2198 1034 2282 τέθηπα,
1057 2210 1093 2263 ut
1114 2206 1150 2279 5,
1170 2204 1222 2265 56.
1241 2200 1430 2278 τεθηπότες,

253 2306 313 2382 61,
338 2304 391 2366 20.
412 2300 584 2374 τεθήπασι,
613 2305 670 2379 17,
695 2302 780 2367 42.ό
811 2304 837 2366 δ’
863 2303 974 2384 έραςής
1003 2305 1162 2380 τεθηπέτω
1190 2308 1313 2388 ἀφορῶν
1338 2307 1369 2379 ἐς
1392 2308 1428 2371 τό

248 2407 387 2490 ρηρυσίον,1
397 2415 429 2470 et
449 2402 543 2482 alibi,
564 2427 622 2494 pro
644 2405 941 2484 defenderimus:
961 2406 1104 2473 indidem
1126 2409 1250 2489 δέδορκα
1271 2432 1330 2499 pro
1349 2411 1431 2488 βλέ-

251 2539 301 2608 πον
322 2524 357 2577 ut
378 2512 514 2588 20,;20.
545 2515 603 2590 46,
620 2515 651 2577 6.
672 2506 704 2575 et
725 2514 786 2589 46,
809 2514 860 2575 14.
885 2512 988 2578 ἀντίον
1008 2513 1128 2595 δέδορκε
1147 2537 1206 2603 pro
1225 2515 1427 2593 ἀντιβλέπει.

248 2619 351 2704 Quem
379 2616 534 2683 ridiculus
563 2617 674 2682 fuisset
701 2615 835 2683 Athenis
853 2616 910 2706 qui
929 2616 1044 2684 όσαπα
1063 2617 1194 2684 dixisset
1212 2641 1270 2708 pro
1292 2619 1427 2699 ἑόρακα,

242 2738 305 2794 ,ant
325 2724 444 2798 τέθηλα
463 2746 523 2813 pro
543 2725 620 2788 ἀνθεῖ
642 2735 697 2788 eut
718 2721 969 2813 itrtdyfflpro
988 2725 1128 2805 εἰλήχει,
1149 2724 1237 2815 quod
1258 2723 1428 2792 Lucrinus

249 2832 327 2899 feeit
351 2832 410 2909 38,
434 2834 492 2908 18,
515 2829 565 2896 vel
586 2831 784 2909 ἐπαταγεῖτο
806 2851 864 2920 pro
884 2830 999 2914 ἐψόφει
1022 2835 1081 2912 44,
1102 2835 1135 2911 4,
1155 2832 1207 2898 rel
1225 2830 1427 2910 σκιδνάμενος

249 2946 286 3018 3,
303 2941 344 3003 37
367 2947 398 3001 et
418 2935 652 3003 διασκίδνασθαι
676 2942 714 3013 8,
734 2938 792 3014 20,
814 2942 834 3001 5
852 2959 912 3026 pro
933 2937 1229 3017 διασκεδάννυσθαι,
1249 2937 1300 3004 rel
1320 2938 1426 3016 ἀμόσ-

246 3071 306 3112 σαν
337 3045 395 3121 50,
423 3044 462 3108 16
487 3065 546 3131 pro
567 3040 775 3122 σπαράττονν,
800 3042 852 3108 rel
873 3042 1068 3126 πλαζόμενον
1093 3048 1150 3125 47,
1174 3048 1217 3128 27
1249 3056 1281 3109 et
1306 3045 1426 3125 πλαζο-

248 3152 325 3228 μένη
360 3153 397 3229 6,
431 3153 458 3213 1.
487 3151 544 3231 69,
582 3151 623 3212 10
651 3171 710 3237 pro
730 3149 938 3228 πλανωμένη,
967 3148 1018 3215 τε]
1047 3151 1192 3231 φαμένου
1213 3154 1272 3229 37,
1296 3151 1339 3214 66
1365 3172 1424 3238 pro

245 3255 402 3327 εἰπόντος,
440 3253 617 3331 γεινόμενοι
650 3255 711 3330 69,
746 3259 758 3317 1
789 3274 848 3341 pro
886 3261 1006 3330 γονεῖς,
1037 3253 1126 3326 δίκας
1157 3254 1305 3329 έτισοίτην
1331 3258 1423 3320 123

245 3384 305 3451 pro
327 3360 428 3436 δίκην,
458 3355 673 3433 έπεςαλμέυον
701 3361 762 3434 32,
788 3360 830 3422 66
855 3381 915 3448 pro
935 3359 1229 3438 προστεταγμένον,
1255 3361 1421 3438 ἐπεκορυσ-

242 3465 452 3545 σόμηναύτῷ
481 3465 540 3540 32,
566 3465 607 3527 57
636 3483 695 3550 pro
722 3462 956 3546 ἐπηλειφόμην,
982 3472 1017 3525 ut
1045 3459 1175 3528 dixisset
1197 3462 1340 3542 Atticus,
1365 3464 1416 3529 rel

240 3568 422 3652 ὡπλιζόμην
452 3568 502 3631 ἐπ’
527 3565 636 3638 αὐτόν,
662 3570 786 3646 μορφῆς
811 3560 845 3630 εὖ
870 3567 1004 3641 ήκοόσας
1036 3568 1095 3644 39,
1121 3571 1159 3631 11
1183 3590 1243 3657 pro
1263 3567 1418 3647 ἐχούσας,

238 3674 455 3756 ἀμειβομένου
494 3676 554 3750 32,
591 3674 631 3736 19
667 3694 727 3761 pro
761 3669 1019 3751 ἀποκρινομένου,
1053 3672 1216 3750 ἐπιβήσειν
1249 3672 1306 3749 10,
1335 3674 1372 3751 6,
1401 3677 1420 3739 4

240 3804 298 3874 pro
319 3777 533 3860 ε’πιβιβάσειν.
565 3776 662 3843 Multi
682 3776 736 3841 atii
760 3773 910 3842 Graeculi
928 3775 1016 3853 βήσυ
1037 3787 1071 3841 et
1089 3774 1194 3855 έβησα
1215 3778 1255 3843 ab
1273 3778 1416 3846 Horttttso

240 3900 273 3954 et
303 3887 483 3952 ttrnonoro
513 3895 616 3949 sumta
647 3881 798 3948 dicebant
827 3905 886 3970 pro
907 3881 992 3959 βιβιῖ
1022 3894 1054 3946 et
1075 3883 1233 3961 ἐβίβασα.
1282 3883 1417 3951 Indoete

241 3989 457 4058 dntintticiste
488 3990 642 4057 Brusnr
672 3989 798 4056 Anecd.
822 3988 847 4055 l.
872 4013 905 4079 p.
933 3990 996 4069 85,
1021 3992 1051 4055 6.
1071 3988 1220 4071 βιβάζειν
1244 4001 1276 4054 et
1294 3992 1416 4069 βαίνειν

237 4095 389 4164 confudit
417 4107 449 4160 et
475 4094 565 4160 addit
591 4119 658 4162 esse
687 4097 744 4187 qui
773 4096 909 4161 doceant
940 4095 1109 4173 ε’κβήσαι
1139 4096 1201 4160 δεῖν
1229 4095 1414 4174 λέγεινκαὶ

238 4203 478 4282 καταβήσαι
498 4201 552 4265 οὐκ
573 4201 788 4279 ε’κβιβοέσαι
804 4201 862 4266 «καί
884 4199 1188 4277 καταβιβάσαι,
1210 4198 1299 4291 quod
1320 4200 1416 4290 plane

235 4322 348 4377 eontra
379 4319 435 4372 est.
482 4301 609 4370 lterum
631 4329 663 4394 p.
696 4309 779 4384 104,
804 4302 1145 4382 4.-καταβιβάσαι
1168 4307 1269 4388 φασίν
1293 4312 1325 4374 οὐ
1351 4311 1413 4378 δεῖν

237 4418 360 4496 λέγειν,
391 4411 481 4479 ἀλλά
513 4413 761 4490 καταβήσαι.
809 4411 910 4477 Recte
935 4409 1017 4477 alius
1042 4434 1072 4500 p.
1094 4415 1175 4491 396,
1202 4416 1252 4478 16.
1276 4418 1412 4495 ἀνέβη-

235 4546 317 4588 σευε
351 4518 557 4596 ἀνεβίβασεν.
588 4516 682 4590 οότυς
718 4514 873 4597 Ἡρόδοτος
899 4516 1013 4603 (1.60.
1033 4515 1146 4598 ἀνδρας
1170 4519 1221 4584 ἐπὶ
1248 4523 1411 4598 καμήλους

238 4625 408 4711 ἀνέβησε),
433 4623 489 4713 qui
515 4623 577 4690 ime
597 4646 727 4716 quoque
748 4644 823 4689 cum
842 4623 952 4691 multis
970 4621 1040 4687 eliis
1060 4620 1100 4686 eb
1124 4621 1266 4689 Honttno
1286 4627 1412 4706 sumsit,

236 4752 341 4822 quum
360 4727 455 4798 Iones
469 4729 599 4800 illorum
618 4743 801 4823 temporum
820 4725 1025 4809 ἀναβιβάσαι
1045 4723 1205 4808 dicerent,
1223 4731 1410 4818 quominus
