3309 5750
741 649 802 711 169

632 883 800 956 CAPUT
835 882 902 955 Vll.

223 1142 375 1235 Deposito
394 1144 556 1235 paulisper
574 1166 611 1208 ex
631 1142 778 1207 manibus
794 1141 960 1222 Luctauo,
979 1165 997 1207 e
1017 1143 1128 1210 codiee
1140 1146 1353 1230 Florentino,-

178 1276 243 1343 quo
271 1263 398 1341 praeter
428 1250 489 1314 alia
519 1250 621 1313 multa
650 1248 857 1313 continentur
885 1250 1005 1313 llrotici
1034 1263 1066 1315 et
1092 1252 1125 1316 in
1148 1250 1196 1317 his
1217 1255 1349 1321 unicum

175 1358 358 1447 exemplum
396 1354 602 1423 Gniarroms
630 1367 662 1419 et
695 1354 929 1420 quorncrrrs
950 1355 1097 1421 ‘Ernnsrr
1133 1371 1165 1423 et
1193 1363 1349 1449 particula

176 1464 334 1556 quaedam
363 1486 380 1528 e
411 1462 517 1528 Louer
541 1462 779 1527 Pastoralibus
807 1461 841 1525 in
870 1463 1001 1528 caeteris
1022 1463 1195 1530 (lodicibus
1217 1468 1349 1548 omissa,

175 1574 265 1636 iurat
293 1590 479 1658 expromere
507 1567 678 1644 nonnulla,
710 1565 795 1631 unde
816 1580 967 1656 appareat
989 1592 1057 1647 eos,
1088 1572 1144 1659 qui
1164 1583 1236 1660 post
1258 1595 1349 1638 rena-

175 1686 223 1740 tas
257 1675 377 1739 litteras
407 1673 581 1739 doctissimi
607 1672 750 1738 homines
782 1670 916 1739 Codices
948 1674 1084 1740 Graecos
1114 1675 1352 1759 describerent,

177 1778 315 1845 subinde
344 1781 445 1844 multu
474 1779 517 1845 ita
548 1780 659 1868 legisse
685 1791 717 1843 et
747 1777 963 1869 descripsisse,
997 1793 1033 1846 ut
1063 1793 1183 1847 veteres
1209 1783 1349 1865 librarii,

175 1908 256 1977 quos
276 1885 393 1950 rodunt
415 1908 541 1963 omnes,
565 1908 640 1974 prae
659 1884 724 1949 illis
748 1883 835 1949 docti
860 1898 892 1951 et
916 1886 1002 1950 acuti
1027 1887 1204 1954 rideantur.

220 1990 323 2080 Saepe
351 1990 473 2055 iurabit
504 1989 688 2055 huiusmodi
718 1990 862 2079 exempla
889 1993 1089 2072 meminisse,
1119 1994 1175 2059 ubi
1197 1997 1268 2085 quis
1289 1997 1347 2061 ab·

175 2098 283 2165 surdas
310 2096 463 2161 lectiones
493 2109 669 2186 utcumque
698 2098 856 2186 explicare
885 2112 917 2164 et
948 2102 1029 2165 tueri
1054 2114 1174 2192 sataget
1194 2114 1225 2166 et
1248 2104 1347 2169 malet

176 2216 260 2270 certa
282 2202 462 2268 convellere
482 2214 513 2266 et
533 2201 652 2267 iudicio
673 2225 729 2267 suo
750 2203 812 2267 rim
829 2203 962 2284 inferre,
987 2230 1083 2296 quam
1103 2209 1240 2273 abiicere
1259 2209 1348 2298 quod

177 2310 348 2377 absurdum
380 2321 427 2373 est
457 2320 488 2372 et
515 2308 647 2372 meliora
669 2330 832 2397 quaerere.
880 2310 1008 2376 Faciam
1031 2336 1047 2377 n
1069 2312 1264 2379 Curarrouu
1287 2315 1349 2379 ini·

177 2416 273 2494 tium,
307 2414 396 2479 ouius
432 2413 561 2478 unicum
592 2413 752 2501 exemplar
779 2425 843 2477 tam
872 2414 1078 2504 indiligenter
1098 2416 1293 2505 descriptum
1316 2430 1348 2483 et

177 2522 298 2587 editum
318 2532 365 2585 est
386 2532 421 2584 ut
440 2530 557 2584 scateat
577 2519 700 2583 lacunis
720 2530 752 2582 et
772 2519 946 2597 erroribus,
967 2544 1066 2609 quum
1087 2522 1119 2584 in
1139 2520 1258 2586 Codice
1279 2524 1348 2611 ple-

178 2649 277 2716 raque
297 2625 402 2691 omnia
424 2624 545 2712 integra
565 2636 597 2688 et
619 2624 685 2688 sine
705 2623 782 2688 vitio
802 2625 879 2702 sint,
909 2625 933 2689 si
954 2626 1024 2714 quis
1045 2625 1108 2691 hoc
1128 2627 1191 2714 agit
1212 2639 1244 2691 et
1266 2628 1348 2695 bene

177 2732 296 2799 Graece
318 2730 440 2796 didicit.
480 2731 520 2795 Et
540 2730 580 2795 de
601 2730 832 2819 supplementis
852 2730 1038 2797 lacunarum
1055 2732 1186 2822 quidem
1205 2744 1237 2797 et
1257 2756 1349 2799 eror-

175 2838 230 2904 dio
260 2838 361 2928 operis
387 2836 533 2902 restituto
558 2836 643 2902 dicet
665 2837 886 2904 llmsonrems
907 2860 1015 2917 meus,
1048 2839 1104 2930 qni
1126 2837 1349 2907 Cntnrrornn

176 2967 250 3011 cum
270 2943 401 3009 caeteris
421 2942 575 3008 ldrotr'or's
595 2943 781 3033 propediem
804 2943 947 3010 editurus
970 2957 1026 3012 est.
1075 2947 1248 3036 Excerpam
1277 2960 1349 3013 tan-

174 3064 245 3117 tum
264 3047 415 3115 absurdas
435 3048 587 3138 quasdam
610 3049 764 3114 lectiones
784 3049 1033 3115 describentium
1056 3051 1136 3116 ritio
1157 3062 1246 3117 natas
1258 3102 1268 3133 ,
1294 3054 1348 3119 ubi

176 3155 283 3224 (lodex
311 3155 380 3244 ipso
409 3153 490 3218 nihil
516 3166 606 3220 errat.
656 3155 729 3243 Peg.
749 3159 786 3232 5,
812 3159 842 3221 4.
874 3155 1025 3226 exhibent
1050 3154 1183 3234 ἔμελλεν
1208 3158 1347 3225 ἀπελεύ-

173 3262 304 3334 σοοσήοον,
331 3260 409 3326 (106.
430 3259 672 3325 οὶσελεύσεσθοον.
707 3264 807 3338 7,10.
832 3261 936 3338 ὁμέν,
954 3260 1032 3326 (106.
1049 3257 1141 3339 ὅμως.
1180 3264 1229 3326 14.
1253 3263 1347 3327 civet-

173 3369 245 3433 θεῖν.
269 3365 348 3434 (106.
368 3367 527 3432 εἰσελθεῖν.
563 3368 601 3443 8,
622 3368 651 3430 7.
676 3365 839 3446 denzicis.
868 3364 1115 3445 Code'vszdcr'e.
1150 3370 1186 3443 9,
1209 3369 1259 3430 16.
1282 3372 1346 3445 ψή-

171 3476 231 3553 φον
261 3471 421 3537 eastsexe.
458 3468 537 3536 (lod.
565 3469 684 3534 ἔθεσοον.
731 3472 782 3546 11,
810 3472 862 3536 17.
894 3470 953 3542 τοὶς
988 3471 1129 3544 συνήθους
1166 3469 1343 3548 termule

174 3573 253 3642 (106.
273 3576 418 3651 συνήθεις.
451 3578 572 3653 14,14.
598 3575 841 3648 ὑποσσενήσήοον.
863 3572 942 3641 (106.
961 3574 1198 3647 decurrentium.
1226 3576 1347 3650 15,17.

173 3682 280 3758 νήσους
309 3681 422 3762 μικρὰς
448 3682 500 3746 noi
524 3678 680 3753 πολλήν.
708 3679 787 3745 (106.
809 3679 928 3752 πόλεις.
967 3682 1024 3758 16,
1041 3681 1094 3742 26.
1118 3678 1244 3743 οὐδέπω.
1266 3679 1347 3746 (106.

173 3788 205 3850 οὗ
227 3787 336 3862 δήπου.
374 3789 432 3865 20,
453 3790 483 3853 7.
516 3785 696 3866 ήσνχήνενν.
732 3784 811 3853 (106.
835 3784 1018 3868 ήονχοῖζενν.
1056 3787 1116 3862 25,
1137 3787 1167 3848 9.
1197 3789 1256 3848 τῶν
1277 3785 1348 3850 rod-

171 3913 232 3955 των
252 3895 365 3957 κυκῶν.
390 3891 469 3958 (106.
489 3896 547 3956 τῶν
571 3890 696 3956 σάντων
715 3896 828 3956 κυκῶν.
866 3893 925 3968 26,
938 3895 968 3956 7.
992 3886 1067 3954 ὅσον
1088 3888 1182 3960 αὐτὸς
1201 3892 1344 3969 aperitis.

174 3992 255 4061 cod.
283 3995 423 4079 σοοέλθή.
459 4003 490 4064 8.
518 3995 608 4061 aaut
632 3997 663 4060 δὲ
687 4006 726 4079 σή
752 3994 802 4077 ἕῳ.
829 3994 908 4062 (106.
928 3995 1012 4076 οἵμου.
1048 3998 1176 4072 27,17.
1200 3993 1235 4070 ἐξ
1264 3996 1346 4075 aripi-

145 4127 146 4130 ’
171 4122 260 4182 σονς.
288 4097 367 4167 (106.
387 4102 560 4181 {Semirus
597 4103 657 4181 28,
678 4105 709 4167 2.
733 4100 799 4166 ro'r'
825 4097 874 4167 οὖν
905 4104 988 4168 ἰδεῖν.
1014 4099 1094 4168 (106.
1113 4098 1179 4163 τότ’
1199 4093 1234 4172 ήν
1258 4101 1343 4166 ἰδεῖν.

173 4210 203 4273 8.
223 4202 348 4285 solusve
364 4209 499 4280 δούλους.
520 4205 597 4272 (106.
616 4208 737 4283 δούλης.
763 4209 822 4285 29,
842 4190 896 4272 21.
921 4207 1098 4272 οὶκούσοοσνι.
1118 4203 1197 4271 (106.
1213 4202 1345 4268 ἄκουσον.

174 4313 228 4389 31,
244 4314 297 4376 25.
321 4311 515 4394 κοοσοοδοοέσή.
536 4310 614 4377 (106.
631 4310 806 4393 κοοτοοοήσή.
840 4316 963 4389 34,13.
988 4313 1145 4376 cincinnus.
1166 4308 1245 4375 (106.
1266 4311 1345 4373 οἷσο-

171 4414 302 4480 tonsas.
341 4418 398 4494 41,
419 4419 449 4481 7.
473 4417 656 4497 οένοοοήψοος.
688 4413 767 4481 cod.
791 4418 971 4498 ον’νοονήψοος.
1008 4418 1059 4481 14.
1087 4416 1244 4496 ἓρμήνευε.
1267 4412 1348 4480 (106.

170 4517 392 4597 μνημόνευσον.
430 4524 559 4598 44,11.
590 4518 737 4599 θεήμντο.
771 4517 851 4586 (106.
874 4522 1012 4600 δείμοοτο.
1050 4523 1103 4597 47,
1126 4523 1155 4584 4.
1179 4520 1214 4584 τὸ
1238 4520 1269 4582 δὲ
1291 4513 1346 4595 ὅρον

170 4629 227 4697 τήν
259 4625 400 4707 aposolus
434 4628 537 4706 ὀργήν.
576 4624 654 4692 (106.
688 4626 724 4690 τὸ
758 4626 788 4691 δὲ
816 4625 879 4707 οἷον
909 4631 966 4700 τήν
996 4625 1135 4707 προνοίοος
1173 4623 1260 4703 ἔργον
1297 4614 1367 4692 >ivr

174 4728 226 4793 10.
260 4725 379 4808 ἔμενεν.
414 4729 492 4797 (106.
521 4730 645 4800 ἔκλυεν.
693 4735 824 4811 48,17.
854 4731 1113 4811 ἐσινννήσκονσνο.
1140 4728 1219 4798 (106.
1239 4728 1346 4805 ἔννουν

1114 4850 1144 4888 lt
