3309 5750
739 731 780 795 55

264 911 336 978 τοῖς
363 904 478 979 ἁπλοῖς
501 906 630 989 ὤρνττον
654 905 747 979 εὐνὰς
767 907 821 971 nal
848 913 1022 987 μοτῇσοιν
1053 904 1220 985 ςρῶμοοτοι,

166 1010 268 1077 aliter
302 1010 423 1075 dixisse
459 1029 557 1097 quam
586 1012 728 1078 solerent
760 1009 932 1097 populares
963 1008 1096 1074 omncs?
1143 1006 1356 1074 lucrtlentum

169 1125 221 1182 est
239 1115 382 1180 scholion
405 1116 438 1179 in
462 1118 639 1194 Pnnrurnu,
663 1115 749 1203 quod
771 1118 903 1181 Pnoups
926 1133 1001 1179 cum
1026 1111 1136 1179 multis
1155 1112 1226 1178 aliis
1247 1113 1279 1176 in
1304 1111 1359 1177 Lo·

172 1221 240 1285 xici
264 1220 315 1284 sui
335 1218 530 1305 farraginem
556 1224 693 1309 recepit,
718 1221 804 1287 unde
824 1221 960 1306 sublegit
980 1218 1109 1285 Sumus:
1133 1216 1191 1301 ξος
1210 1214 1358 1283 locutori-

171 1347 256 1426 βοις,
278 1348 315 1413 το
349 1346 558 1429 ἐπορευόμην,
579 1346 634 1411 σὺν
656 1347 698 1428 τῷ
725 1329 937 1428 [soloecon
970 1349 996 1412 oi
1018 1351 1094 1425 γοῦν
1109 1349 1212 1420 Ἴοινες
1233 1346 1285 1421 lix
1309 1342 1359 1408 λέ·

170 1452 341 1531 μουσικοὶ
375 1454 467 1529 ἤῖσοον
494 1451 529 1515 nd
553 1448 631 1532 ᾗσοιν
660 1454 712 1518 eol
741 1452 826 1535 nopai
847 1453 1012 1537 Θονκνδβρ
1043 1447 1137 1527 οὕτως
1165 1448 1358 1528 οἳνιιγνοιτέτν

171 1554 230 1622 ὅτι
258 1553 505 1636 ἀκμάζοντές
526 1579 570 1619 τε
597 1552 690 1637 ᾖσσον
712 1557 747 1632 ἐς
779 1553 874 1624 τοῦτο
885 1583 917 1636 ν,
941 1560 966 1624 οἱ
989 1557 1021 1624 δὲ
1040 1561 1144 1632 Ἴωνες
1180 1557 1285 1634 ἦΙεσοιν
1309 1549 1360 1618 real

172 1659 266 1735 ἦισοον
315 1658 451 1747 (νίῑίοοοῑ
497 1657 589 1725 Ιοιιοι
622 1669 746 1729 tantum
788 1665 879 1739 ἤϊσοον
922 1661 1094 1752 dicebant).
1153 1655 1361 1744 ’apocopatus

175 1762 355 1829 Ὀ-λκοὶσιν·
569 1767 572 1772 ⁴
1277 1765 1280 1788 ⁵
1352 1771 1355 1778 '

424 1869 513 1938 Ἐτιεὶ
536 1873 564 1938 δ’
586 1871 736 1954 ἔγενόμὶρν
759 1869 844 1956 οἷπερ
869 1871 898 1956 ρξ’
921 1873 971 1941 ἐστὶ
996 1875 1089 1953 ξύλον.

218 1969 309 2054 Quod
341 1981 448 2041 autem
469 1976 534 2044 dixi
557 1977 706 2045 codicum
736 1973 916 2066 scripturas
940 1977 1022 2046 hano
1047 1979 1226 2065 analogiam
1244 1975 1362 2044 conlu-

167 2097 259 2147 mare
283 2079 327 2142 ita
361 2077 452 2147 dico:
485 2101 716 2170 saepenumero
750 2083 897 2162 librarii,
928 2085 983 2171 qui
1008 2111 1017 2151 ι
1045 2083 1244 2170 adscriptum
1266 2080 1363 2166 negli-

170 2203 247 2272 gere
267 2189 431 2261 solebant,
457 2184 558 2264 ἦτον,
591 2198 757 2271 τορῆσοιν,
787 2187 990 2272 τοιρεξῆσοιν,
1016 2187 1171 2267 ἕτεξιῑσοιν
1189 2197 1221 2254 et
1243 2183 1363 2254 similia

168 2297 395 2372 retinuerunt,
416 2290 493 2377 quta
516 2313 570 2359 eas
590 2293 710 2360 lormas
728 2294 767 2359 ad
786 2289 863 2359 εἶνοιι
885 2291 1083 2374 referebant,
1106 2313 1302 2383 quamquam
1324 2290 1363 2358 od

167 2399 248 2467 ῒὲνοοι
278 2420 349 2466 esse
372 2395 557 2463 referendas
579 2399 697 2485 passim
724 2399 896 2484 diligenter
918 2399 1101 2486 inspicienti
1126 2398 1293 2465 constabit.
1330 2396 1364 2464 st

171 2505 224 2571 liis
254 2505 335 2571 locis
359 2529 368 2569 ι
405 2500 567 2567 addideris
598 2503 727 2569 habebis
758 2505 931 2569 Atticorum
964 2523 1118 2579 manum:
1141 2506 1168 2569 si
1198 2507 1291 2586 ᾗεσοιν
1316 2523 1367 2568 re·

168 2632 289 2699 pones,
325 2605 411 2696 quod
443 2605 614 2671 nonnullos
649 2605 754 2675 iacere
787 2608 900 2684 video,
939 2607 1074 2674 Atticam
1101 2607 1273 2672 dialectum
1298 2628 1365 2672 cor·

170 2731 325 2803 rumpes,
349 2712 381 2778 id
401 2709 486 2798 quod
503 2710 628 2777 scribae
643 2711 764 2779 dudum
778 2713 947 2790 iecissent,
964 2715 1026 2779 nisi
1049 2733 1101 2778 eos
1114 2712 1196 2778 alius
1209 2713 1366 2798 opinionis

170 2841 265 2890 error
300 2816 498 2887 retinuisset.
557 2817 650 2904 Apud
679 2817 905 2886 llruosmenmr
933 2817 1042 2887 editur
1077 2820 1108 2885 io
1136 2817 1239 2907 primo
1270 2815 1365 2905 Olpa-

171 2928 278 2993 tlo'aco
313 2946 342 3013 p.
364 2931 426 2991 11:
466 2920 508 2988 ἔθ’
539 2924 652 3003 ἥκομεν
684 2926 857 3005 Εὐβοεῦσιν
880 2922 1108 3005 βεβοηθηκότες
1137 2926 1188 2991 xxi
1223 2934 1365 3007 oxorinco

169 3036 414 3117 Ἀμφιπολιτῶν
446 3027 545 3111 Ἱὲροιξ
572 3031 624 3096 eorl
654 3040 855 3115 Στρατοκλῆς
877 3030 928 3098 ἔτι)
953 3028 1037 3097 τουτὶ
1062 3032 1097 3096 τὸ
1122 3030 1238 3110 βῆμοο,
1264 3030 1365 3096 tnani·

169 3138 255 3205 festo
284 3154 401 3203 errore.
436 3135 585 3201 Graecum
612 3145 661 3202 est
680 3132 885 3219 οὶνοιβοίνειν,
908 3136 1067 3218 βαδίζειν,
1088 3136 1228 3220 οτοοριένοιι
1256 3136 1306 3202 ἐστὶ
1331 3136 1365 3203 το

171 3242 268 3324 βοῖμοοΙ
286 3248 319 3308 'et
332 3243 480 3318 κοθῆσθοιι
496 3242 546 3308 ἐπὶ
572 3247 625 3307 τοῦ
640 3240 789 3323 βὴμοιτος
803 3246 955 3311 [leuosrn.
968 3243 1001 3306 ιἰι
1026 3240 1202 3330 Olympiod.
1220 3263 1250 3328 p.
1269 3245 1364 3307 ¹176:

170 3349 277 3414 dorsa.
314 3348 348 3412 ιἰο
374 3346 469 3411 Pluto
491 3350 577 3412 582:
609 3348 635 3412 ol
659 3350 710 3414 ἔτι
743 3352 796 3413 τοῦ
833 3350 980 3426 βῆμοοτος
1011 3346 1117 3424 λόγοι,
1149 3346 1303 3412 Dsnosru.
1329 3347 1368 3411 dc

170 3442 331 3540 Symmor.
360 3470 390 3538 p.
420 3454 505 3516 189:
539 3464 602 3515 non
633 3460 767 3537 possunt
799 3450 879 3516 haec
913 3452 1107 3537 permutari:
1142 3450 1219 3535 qnid
1244 3449 1367 3515 multo?

170 3566 316 3641 νιοιρῇσοιν
340 3566 391 3623 est·
422 3553 654 3642 reponendum.
701 3552 822 3620 Eadem
849 3552 1009 3619 medicina
1039 3554 1119 3619 locis
1144 3554 1370 3639 complusculis

172 3662 380 3740 l'rlocrnrnrs,
416 3660 628 3727 anrornou'rrs
658 3667 690 3725 et
724 3659 860 3725 aliorum
893 3654 1068 3723 iactitanda
1102 3664 1160 3724 est.
1202 3656 1282 3721 'Vidi
1312 3678 1368 3725 nu·

171 3766 314 3855 peinime
337 3768 394 3853 qui
417 3767 451 3832 in
472 3766 684 3832 Xnuornourrs
709 3762 881 3829 Heliconios
920 3762 958 3829 ll.
984 3767 1096 3841 1.18‚
1131 3761 1307 3846 Λύσονδρος
1334 3762 1370 3845 ἐξ

171 3873 312 3953 ’Λβύδον
335 3873 490 3955 raptore
513 3871 566 3937 κοιὶ
586 3872 612 3937 ol
632 3870 724 3936 ἄλλοι
745 3876 926 3952 τορῆσοιν
950 3868 1044 3953 πεζῇ,
1068 3877 1236 3957 reponeret
1257 3874 1369 3957 nappis·

170 3996 242 4044 σοιν.
290 3977 438 4044 Perllciet
458 3976 732 4053 emendationem,
753 3974 808 4061 qui
832 3987 975 4060 τορῇσοιν
995 3974 1093 4042 dabit.
1129 3974 1267 4042 Librarii
1292 3977 1369 4044 ditm

172 4081 285 4148 sedulo
316 4081 436 4148 formas
467 4081 527 4147 sibi
557 4080 730 4146 inauditos·
751 4080 950 4167 expellebant
974 4091 1007 4148 et
1031 4079 1108 4163 βσοιν
1136 4082 1203 4147 sive
1238 4080 1315 4159 ἧσσον
1337 4086 1369 4150 in

172 4190 270 4271 leone
291 4186 504 4273 mingebant,
530 4188 770 4272 nonnumquam
796 4187 1020 4273 imperfectum
1033 4189 1161 4263 οὶιιῆσοιν
1181 4195 1300 4254 temere
1320 4210 1369 4255 nr·

172 4292 347 4379 ripuerunt
367 4301 400 4360 et
422 4292 586 4379 pervim,
618 4291 672 4356 ubi
697 4291 824 4356 oderant
850 4293 1051 4378 requiritur,
1076 4292 1233 4357 dedorunt
1254 4286 1368 4362 adiero.

171 4398 230 4464 Bis·
253 4396 314 4462 hoc
340 4397 374 4462 in
400 4398 573 4463 Teucrornn
598 4395 805 4483 deprehendi.
847 4396 899 4461 tv.
920 4402 985 4474 59,
1009 4397 1076 4478 περὶ
1101 4397 1210 4481 εἴκοσιν
1235 4398 1369 4481 ἡμέροις,

172 4504 203 4568 ἕν
226 4497 278 4577 οἷς
302 4502 328 4567 οἱ
359 4503 507 4584 τρέσβεις
527 4503 595 4584 περὶ
617 4506 676 4567 τῶν
706 4502 839 4567 σπονδῶν
867 4503 1064 4584 dorpaneo,
1089 4500 1261 4567 iocularem
1286 4525 1371 4569 erro·

173 4628 244 4676 rem
265 4607 376 4686 rides,
398 4616 430 4674 et
449 4609 579 4695 turpius
604 4609 700 4674 etiam
721 4628 789 4695 cap.
805 4610 866 4671 to:
885 4607 915 4669 ἕν
935 4606 1095 4690 Λεονοδίρ
1117 4609 1293 4689 depereo
1318 4611 1372 4672 οὐ·

174 4718 234 4780 τῶν
257 4713 454 4781 σοντοικόσιοι
486 4714 617 4798 φρουροί,
665 4714 702 4779 ln
727 4714 938 4779 anoruottms
963 4711 1101 4777 Anabosi
1125 4710 1180 4776 tlt.
1204 4716 1234 4775 4.
1261 4714 1321 4786 25,
1344 4711 1374 4776 el

177 4843 236 4888 τοο
264 4820 322 4888 δέοι
354 4844 383 4887 τι
408 4828 463 4896 τῆς
488 4819 665 4903 φοὶιιοιγγος
696 4804 941 4898 ἐσιτορῆσοον
966 4810 1077 4898 οὗτοι,Ι
1100 4812 1306 4902 participium
1340 4816 1373 4881 in
