3309 5750
858 635 876 696 5

250 835 358 913 Φηοιι·
397 826 528 892 Εἴοελθε
552 828 594 898 εἰς
617 823 751 906 πορνεῖόν
778 847 852 900 που,
877 825 927 891 ira
946 826 1046 908 μάθῃς
1072 822 1117 891 ὅτι
1144 834 1202 893 τῶν
1226 830 1358 909 cirrium
1378 829 1419 894 ric

242 936 343 1013 elma
365 933 447 997 οὐδὲν
471 930 621 1012 διοιφὲρει.
658 928 717 993 Vel
738 928 791 993 hic
816 951 897 995 unus
918 930 1006 995 locus
1026 945 1214 1020 argumento
1236 933 1302 999 esse
1324 949 1417 1025 pote·

248 1053 297 1105 rat
318 1060 383 1103 non
403 1059 469 1101 esse
491 1036 687 1100 Pauraucrrr
706 1034 793 1099 irone
812 1035 951 1114 librum,
979 1061 997 1101 a
1018 1038 1108 1102 euius
1128 1040 1269 1103 moribus
1291 1040 1349 1105 ista
1369 1066 1418 1105 sa·

249 1144 370 1237 pientia
398 1162 524 1230 prorsus
543 1138 707 1216 abhorret,
737 1138 791 1203 sed
812 1151 952 1205 extrema
975 1164 1047 1231 pars
1067 1141 1131 1206 loci
1153 1165 1246 1207 sensu
1269 1165 1365 1207 vacua
1387 1158 1418 1209 et

249 1243 376 1343 prorsus
396 1245 530 1312 absurda
549 1256 614 1322 est,
640 1244 701 1308 nisi
721 1244 792 1332 quis
811 1243 893 1309 torte
912 1267 1025 1333 capere
1042 1258 1148 1334 potest
1166 1247 1245 1335 quid
1269 1248 1326 1313 sit:
1353 1261 1417 1314 >rut

248 1359 363 1423 discos
392 1356 483 1419 nihil
504 1374 560 1416 res
592 1352 749 1414 honestae
763 1352 817 1444 'ab
845 1352 997 1440 t'ndagnio
1017 1352 1056 1416 di
1081 1355 1184 1416 errc.''
1228 1351 1351 1441 Lepida
1371 1367 1418 1419 est

249 1465 520 1531 Wrrrmmcmr
549 1455 729 1522 annotatio:
759 1456 895 1522 οἱοῐοὶιοι·
907 1468 1127 1548 praeceptum
1149 1482 1172 1521 a
1194 1459 1336 1546 quodam
1356 1484 1417 1523 ou-

249 1581 339 1635 ctore
359 1566 486 1631 diserte
507 1563 672 1628 traditum
693 1585 734 1626 οιο
747 1584 815 1651 per
836 1565 1093 1644 riduppauooo'anr
1110 1566 1286 1653 grauatum
1304 1575 1418 1631 orato-

248 1679 306 1740 ria
325 1673 488 1738 involvere
505 1671 649 1736 voluisse
671 1672 786 1756 itaque
798 1672 1045 1757 perspicuitati
1061 1670 1216 1755 adfuisse.
1264 1666 1316 1733 Sic
1336 1669 1422 1734 nihii

248 1779 308 1845 orit
337 1777 376 1843 ad
407 1778 529 1842 animos
558 1773 805 1841 commovendos
837 1774 941 1837 miuus
970 1772 1119 1839 idoneum
1147 1797 1242 1863 quam
1264 1781 1418 1840 oratorio

244 1890 413 1977 grauitas.
461 1881 496 1947 Si
524 1878 820 1971 interpretationem
850 1876 1019 1942 emendata
1052 1879 1148 1943 lectio
1178 1879 1417 1968 praecessisset,

238 1995 313 2057 lno'n
334 1990 445 2056 fuisset
466 1988 553 2055 aliud
572 1998 778 2078 praeceptum
798 1983 839 2049 ad
860 1982 1105 2072 intelligendum
1128 1983 1262 2051 facilius.
1298 1984 1416 2050 Emer·
1440 2057 1443 2062 ,

249 2098 306 2163 da:
331 2096 449 2162 εἴσελθε
470 2096 513 2165 εἷς
533 2102 685 2174 πορνεῖον,
710 2099 789 2164 arui,
815 2088 865 2154 tra
885 2090 985 2170 μάθῃς
1005 2085 1050 2154 ἔτι
1071 2095 1130 2153 τῶν
1151 2090 1245 2166 οὲξίοιο
1264 2090 1419 2169 riarium

248 2199 508 2281 retrotractus:
531 2199 574 2263 ric
596 2199 690 2275 τίμιοι
710 2206 783 2261 sunt
801 2218 888 2283 quac
907 2217 1027 2284 magno
1046 2203 1217 2273 constant,
1238 2194 1355 2285 quibus
1375 2196 1417 2261 τοὶ

245 2307 325 2385 ἄξιοι
345 2316 561 2393 opponuntur.
595 2303 655 2367 Pro
675 2326 732 2365 που
752 2300 923 2389 legendum
946 2324 1012 2367 esse
1035 2311 1097 2367 ποῖ
1116 2301 1320 2376 confirmabit
1339 2299 1419 2366 Dro-

251 2429 351 2477 anuos
380 2408 547 2473 Laenrros
577 2404 645 2470 vlt.
666 2408 709 2470 88
728 2415 760 2470 et
778 2407 831 2468 89.
863 2403 919 2468 ubi
942 2406 992 2468 ἐπ’
1015 2406 1131 2482 ateana
1153 2405 1318 2481 πκιδίοκης
1340 2405 1419 2470 otim

249 2516 407 2609 putabant
426 2514 605 2604 significare
627 2511 705 2576 »ud
720 2511 867 2575 ancillae
885 2510 1051 2588 domum,''
1075 2508 1129 2575 sed
1149 2519 1196 2574 est
1219 2508 1304 2576 idern
1332 2510 1419 2600 quod

250 2626 416 2691 channns
436 2641 502 2684 uno
523 2616 620 2684 verbo
644 2625 777 2697 πορνεῖον
802 2615 953 2705 appellat.

241 2781 246 2790 ,
293 2726 332 2792 iu
359 2726 542 2792 Rhetorum
569 2724 794 2813 Praeceptore
823 2726 884 2801 51,
907 2725 958 2787 12.
991 2722 1161 2790 acritate
1193 2724 1249 2798 ria
1283 2723 1420 2801 κωμικὴν

250 2831 490 2916 pruiniacum,
529 2828 651 2895 librarii
682 2850 884 2919 concoquere
920 2851 984 2895 non
1017 2840 1192 2920 potuerunt
1227 2827 1418 2904 οὐτοοιῖίδιι,

251 2937 351 3038 (quod
374 2937 563 3001 dictumest
588 2948 623 3000 ut
642 2936 849 3017 οιύτοβοοὲιις,
873 2938 1107 3017 adrumatur,
1126 2935 1198 3024 alia)
1221 2934 1330 3024 itaque
1350 2933 1422 3024 ple-

249 3046 341 3135 rique
368 3041 526 3108 dederunt
552 3043 645 3114 αὐτὸς
670 3039 775 3106 deiide:
807 3040 847 3105 ad
868 3041 955 3107 idem
981 3042 1162 3132 exemplum
1186 3040 1421 3107 emendaverim

249 3151 413 3218 Patronis
433 3147 652 3212 Menexcuum
674 3170 705 3236 p.
726 3149 790 3211 245
813 3165 844 3211 n.
874 3147 962 3212 edroi
985 3147 1140 3224 Ἕλληνες
1164 3149 1197 3212 οὐ
1218 3145 1421 3226 μιξοβάρβοι-

250 3279 292 3336 ροι
323 3255 483 3330 οἰκοῦμεν,
521 3250 579 3315 ubi
612 3251 690 3314 olim
731 3263 860 3316 venuste
895 3253 1102 3327 οὐοοέοοιηνες
1138 3252 1294 3342 scriptum
1325 3251 1422 3316 fuisse

252 3359 395 3424 arbitror.

293 3461 332 3527 In
359 3461 736 3552 Philopoemenem.
767 3465 799 3529 οὐ
824 3464 963 3545 κιιθιιρῶς
990 3463 1191 3545 ἑλληνίζοντα
1218 3460 1292 3526 libri
1312 3482 1422 3525 omues

250 3569 458 3636 neeessariam
487 3568 688 3657 negationem
718 3567 886 3644 omittunt,
911 3588 1008 3655 quam
1029 3565 1150 3656 primus
1169 3565 1273 3631 editor
1291 3565 1423 3655 suppio·

241 3676 295 3743 *rit
314 3673 355 3741 da
376 3695 449 3751 suo,
467 3672 679 3763 probantibus
698 3672 813 3739 merito
834 3670 965 3737 caeteris
983 3671 1142 3739 omnibus.
1174 3669 1308 3760 Saepius
1326 3692 1424 3759 quam

249 3779 360 3846 credas
388 3776 511 3843 librarii
537 3781 571 3844 oi
600 3776 808 3867 neglexerunt
838 3774 973 3854 addere,
997 3785 1032 3839 ut
1054 3774 1087 3840 in
1106 3774 1279 3841 Isocaaars
1298 3777 1424 3842 Archi-

252 3886 350 3977 domo
371 3886 388 3968 §
409 3887 464 3951 33.
485 3884 518 3949 io
538 3883 688 3949 omuibus
708 3881 799 3947 libris
821 3893 869 3947 est
896 3880 947 3945 tau
961 3879 1152 3969 -οιλεοιιεξίοοι
1174 3879 1345 3959 ποιούμεθα
1369 3881 1425 3955 τὴν

251 3990 384 4070 εἰρήνην,
409 3990 621 4057 necessarium
642 3992 674 4055 οὐ
696 3988 867 4066 ποιούμεοιι
888 3984 1017 4051 tandem
1043 4007 1125 4051 unus
1152 3984 1302 4052 Urbinas
1324 3983 1426 4055 dedit.

252 4092 407 4160 Similiter
427 4095 461 4160 in
482 4092 679 4179 Antidooi§
700 4095 766 4158 318
787 4104 820 4158 et
839 4092 909 4158 aliis
928 4091 1022 4157 locis:
1048 4090 1256 4182 quamobrem
1275 4091 1301 4157 si
1321 4114 1426 4182 quan·

252 4198 295 4265 do
313 4202 346 4265 οὐ
368 4197 477 4265 deesse
498 4199 664 4290 apparebit
684 4199 753 4264 noli
773 4199 979 4265 reformidare
1001 4210 1142 4265 aeterum
1166 4199 1426 4265 membranarum

242 4305 491 4383 auctoritatem,
508 4316 562 4371 aut
577 4303 733 4369 librorum
752 4304 896 4369 omnium
906 4325 1095 4371 consensum
1107 4305 1256 4384 revereri,
1271 4304 1325 4370 sed
1338 4302 1426 4394 quod

253 4432 332 4501 opus
353 4423 400 4505 est
420 4411 620 4479 confidenter
637 4410 777 4477 restitue.
824 4409 916 4475 Dabo
935 4409 1001 4474 duo
1021 4410 1183 4501 exempla:
1208 4411 1241 4476 in
1261 4410 1426 4476 Patronis

253 4515 435 4586 Phaedone
452 4542 482 4607 p.
507 4521 549 4582 59
571 4535 599 4583 c.
622 4513 655 4579 ri
677 4512 724 4588 δές
757 4510 942 4594 Ἀρίςιιοοοος
970 4513 1023 4577 κιο)
1047 4515 1264 4596 Κλεόμβροτος
1290 4510 1427 4592 παρεγέ-

255 4642 357 4692 νοντο;
377 4657 415 4668 -
435 4623 467 4685 οὐ
488 4621 579 4695 birca.
604 4621 634 4684 εἰι
660 4615 774 4699 Αἰγίνῃ
796 4616 859 4698 γὰρ
882 4616 1027 4696 ἐλέγοντο
1052 4614 1149 4694 river,
1183 4630 1215 4684 et
1243 4640 1316 4681 sana
1346 4616 1427 4679 ratio

254 4722 348 4790 docet
377 4736 409 4790 et
436 4721 573 4790 Graecae
594 4721 722 4811 liuguae
745 4720 911 4811 ingenium
931 4719 1169 4789 emendandum
1188 4745 1255 4788 esse
1275 4724 1307 4786 οὐ
1329 4745 1425 4802 πορε-
