3309 5750
852 638 916 703 106

291 812 501 901 cap.1X
478 837 579 896 ωοτερ
607 792 661 879 οὐιι
692 809 873 895 ἔχοντες
858 836 873 876 ο
906 808 1095 910 τροέττωμεν
1117 794 1286 891 Ῐιιαέιὶμεέα
1315 815 1373 888 τὴν
1403 814 1480 892 ἦμέ-

294 945 350 1002 ραν
382 920 456 995 ολνν
478 920 546 1001 περὶ
582 918 742 1000 γεροντίων
766 919 901 1000 Γραικῶν
937 916 1098 997 ζητοῦντες
1144 915 1304 1005 reponeo
1332 943 1363 986 τι
1384 918 1484 1000 τροέτ·

294 1051 419 1106 τωμεν,
442 1024 527 1111 quod
550 1023 691 1090 solemne
714 1029 773 1088 est.
820 1020 913 1108 Apud
932 1021 1088 1088 bucri'unu
1107 1022 1312 1088 coniunctim
1332 1024 1485 1089 restituto

297 1152 378 1219 opus
401 1138 450 1197 est
475 1135 537 1206 57,
562 1135 615 1195 51.
637 1128 764 1210 ἐρομένῳ
787 1126 896 1201 τῶν
875 1151 969 1208 αριςα
984 1126 1100 1209 ἄρξει,
1131 1147 1225 1193 nemo
1248 1135 1396 1213 poterat,'
1418 1130 1485 1215 opi·

299 1256 376 1313 nor,
400 1234 440 1302 od
467 1234 548 1300 baec
571 1232 778 1321 respondere,
799 1230 935 1297 emenda
956 1230 1044 1316 ἄρξῃ.
1093 1231 1250 1326 Similiter
1274 1237 1338 1312 20,
1352 1238 1408 1301 48.
1432 1233 1484 1301 έτὶ

299 1343 371 1408 τένα
392 1342 428 1417 m
451 1343 552 1406 αὐτῶν
575 1344 691 1420 πρῶτον
711 1337 851 1417 ἔλθοιμεν
874 1334 935 1413 olm
961 1357 1025 1402 non
1037 1337 1108 1404 boc
1129 1345 1239 1423 rogat,
1258 1339 1366 1405 sedin
1384 1359 1421 1405 re
1442 1340 1488 1405 in·

300 1453 391 1513 certa
416 1443 588 1512 eonsilium
609 1443 649 1509 ab
677 1444 782 1509 amieo
799 1442 898 1529 petit,
925 1461 983 1528 pro
1010 1441 1149 1523 ἔλθοιμεν
1170 1442 1210 1509 ἄν
1235 1443 1371 1510 restitue
1395 1442 1485 1509 ἔλθω·

299 1551 381 1631 μοις
406 1552 511 1637 prima
533 1569 669 1636 persona
695 1549 728 1613 in
751 1547 803 1613 bis
830 1548 1073 1638 coniunctivum
1095 1548 1254 1642 postulat,
1283 1547 1428 1635 reliquae
1448 1547 1487 1614 έν

223 1709 227 1713 .
299 1665 333 1723 et
351 1657 548 1743 optativum:
568 1652 836 1735 carnotenorum
862 1659 894 1718 et
908 1660 973 1717 τιοῖ
994 1677 1042 1727 τις
1066 1652 1106 1718 ἂν
1131 1652 1302 1735 τριέτοιτος
1316 1654 1355 1734 ιτέ
1375 1651 1486 1729 τοέέως

300 1771 332 1829 et
352 1762 386 1827 τέ
404 1760 444 1826 ἂν
469 1758 559 1825 ταέοι
587 1784 656 1834 τις;
679 1760 713 1824 τέ
736 1758 896 1837 γένωμαι;
922 1759 1010 1824 etri
1032 1756 1072 1823 oin
1095 1758 1216 1836 γένοιτό
1237 1783 1306 1835 τιςς
1340 1757 1490 1825 Comicus

302 1864 389 1953 apud
412 1866 613 1931 Pnnmncrruu
636 1864 675 1929 de
696 1863 868 1929 Audiendis
889 1861 996 1928 Poetis
1018 1881 1055 1948 ps
1072 1867 1124 1929 18.
1146 1883 1174 1929 e.

482 1968 640 2037 τιέλοιντον
663 1972 681 2047 ἧ
701 1967 805 2052 προίξ.
827 1970 873 2050 μέν
893 1965 1006 2047 λιέβως
1031 1966 1085 2049 ζῆν
1108 1969 1135 2033 δ’
1157 1968 1203 2038 έςι
1226 1992 1279 2049 μοι

471 2074 644 2142 ’τάλαντον
668 2074 854 2157 ὑπεριδόντα

350 2182 403 2249 Sic
433 2180 584 2247 Lucrinus
614 2181 789 2268 scripserat
812 2184 856 2257 8,
880 2182 942 2256 24,
969 2183 998 2244 1.
1022 2178 1080 2257 4μέν
1103 2176 1229 2256 λέγως’
1247 2184 1281 2245 et
1304 2182 1368 2257 67-,
1392 2182 1434 2256 9,
1458 2183 1488 2244 5.

302 2289 336 2357 τέ
363 2287 523 2368 γένωμαι;
553 2291 618 2359 τῶς
638 2284 678 2351 ἄν
703 2310 745 2365 με
769 2288 786 2362 ἡ
806 2293 851 2363 γῆ
874 2283 1045 2350 καταπίοι.
1081 2283 1114 2347 in
1138 2302 1203 2368 quo
1225 2282 1296 2349 loco
1315 2283 1434 2349 vitiosa
1455 2282 1491 2348 li·

303 2393 436 2461 brorum
470 2390 632 2477 scriptura
659 2390 707 2465 τές
738 2389 879 2469 γένωμαι
912 2387 1110 2454 Scamnum
1135 2386 1296 2456 vindicem
1327 2396 1424 2454 nocto
1458 2389 1491 2454 in

302 2498 456 2566 Meletem.
479 2496 555 2563 Grit.
575 2517 606 2583 p.
621 2499 664 2562 98
688 2514 785 2582 quem
804 2494 941 2560 hcorrrz
953 2492 1142 2569 advocavit,
1158 2492 1348 2558 Dmnonrrnrr
1370 2501 1404 2560 et
1417 2494 1494 2559 brn-

304 2611 407 2672 nrnnu
421 2600 554 2676 delusit;
576 2609 611 2666 ot
623 2599 704 2667 nihil
723 2611 773 2667 est
790 2598 943 2687 praesidii
956 2599 990 2664 in
1007 2597 1174 2664 Sennrrrnr
1186 2595 1342 2684 exemplis
1359 2606 1392 2665 et
1412 2596 1495 2664 mole

246 2690 248 2694 ¹
306 2714 472 2795 comparat
482 2704 592 2771 πάντα
609 2707 762 2785 γίγνομαι
786 2712 819 2771 et
839 2712 984 2778 παντοῖος
1004 2704 1169 2783 γίγνομαι.
1205 2702 1268 2784 Qui
1291 2723 1494 2791 omnesquae

303 2812 371 2880 vult
397 2816 518 2900 formae
542 2810 644 2876 induit
666 2817 754 2876 recte
783 2808 905 2875 dicitur
926 2809 1090 2889 γέγνεοέαι
1113 2812 1179 2875 τοῖν
1197 2805 1259 2875 ὅτι
1286 2808 1441 2889 βούλεται
1462 2816 1494 2876 et

304 2919 352 2985 sic
371 2915 544 3003 legendum
566 2924 615 2981 est
635 2915 667 2980 in
688 2913 831 2980 Nubibus
850 2934 896 2980 vs.
910 2919 987 2981 347.

610 3020 774 3099 γίγνονται
794 3025 860 3085 ταν
883 3016 902 3085 ὅ
921 3045 952 3086 τι
975 3021 1143 3100 βούλονται

307 3145 372 3191 non
399 3123 490 3190 πένθ’
513 3121 576 3191 dri
600 3124 686 3211 qnod
707 3144 906 3211 quamquam
934 3124 1106 3192 manifesto
1129 3124 1290 3191 soloecum
1315 3133 1495 3193 esttamen
1521 3147 1524 3154 ·

307 3231 454 3309 omnium
476 3228 632 3296 editiones
653 3228 786 3296 obsidet.
822 3229 860 3296 ln
885 3230 1084 3298 Smurmorus
1103 3217 1284 3315 fragmento
1304 3231 1390 3318 apud
1402 3233 1494 3299 Scbo

308 3336 391 3402 dicct.
412 3333 452 3401 ad
477 3335 583 3401 Ennio.
610 3333 708 3400 θνοιι.
729 3354 776 3400 vs.
801 3339 868 3402 269
889 3356 947 3429 pro
971 3336 1102 3422 vulgata
1124 3336 1285 3421 scriptura
1307 3337 1356 3411 τίς
1382 3336 1422 3403 ἂν
1444 3361 1497 3417 γε·

201 3512 204 3517 ,
310 3442 434 3521 νόμενον
454 3443 498 3514 εἰς
519 3443 596 3518 triv
618 3437 791 3519 γενήσομαι
815 3442 930 3529 optimi
953 3442 1079 3507 codices
1103 3441 1184 3506 mihi
1206 3439 1386 3509 dederunt:

540 3546 574 3612 τέ
595 3542 645 3614 οὖν
666 3545 832 3625 γενόμενος
857 3548 901 3620 εἷς
924 3548 1001 3624 driu
1021 3546 1204 3625 ἕνδύτομαιι

354 3650 569 3735 Quamobrem
589 3651 692 3735 igitur
706 3651 861 3729 γίγνομαι
885 3655 949 3725 τοῖς
973 3647 1036 3725 ten
1055 3651 1213 3732 βούλομαι
1231 3649 1297 3716 dici
1317 3670 1382 3717 non
1395 3660 1499 3739 potest

300 3758 421 3825 eadem
442 3757 482 3822 de
496 3775 594 3822 censa
615 3756 648 3821 τέ
670 3751 835 3835 γενόμενος
853 3762 886 3821 et
904 3756 938 3821 τέ
953 3756 1094 3836 γένωμαι
1116 3756 1298 3822 necessario
1316 3763 1394 3822 sunt
1411 3765 1500 3823 etue

114 3861 118 3868 ’
211 3948 215 3954 .
307 3863 504 3930 Scnmmnus
528 3859 659 3948 quidem
691 3860 724 3923 iu
756 3859 825 3923 loeo
856 3859 1043 3939 Tnnocmm,
1077 3881 1173 3947 quem
1205 3861 1330 3946 primus
1351 3862 1498 3928 omnium

307 3964 495 4034 emendavit
514 3965 581 4031 XV.
600 3971 653 4030 51.
678 3963 773 4033 oeteo
790 3956 919 4046 Γοργοῖ,
936 3966 970 4033 τέ
987 3969 1172 4046 nondecim
1199 3964 1498 4056 (coddqysvotnsta)

312 4089 512 4155 concoquere
540 4069 698 4156 potuisset
728 4071 809 4144 τίνες
835 4071 1016 4150 γενώμεθα,
1049 4072 1165 4150 credo,
1194 4070 1279 4158 quod
1301 4079 1413 4139 tomen
1436 4073 1499 4139 dici

311 4184 345 4244 et
365 4174 502 4260 intelligi
518 4193 610 4272 posse
620 4172 754 4239 debet
729 4195 755 4239 sr
777 4175 826 4250 τίς
847 4176 987 4255 γένωμαι
1009 4196 1124 4242 sonum
1136 4184 1195 4242 est
1225 4175 1402 4244 Conficient
1418 4177 1499 4244 banc

312 4280 564 4348 controversiam
580 4288 672 4381 quoe
689 4279 729 4345 ad
753 4279 840 4348 hunc
866 4282 1029 4347 anocrum
1053 4281 1161 4348 locum
1185 4281 1436 4350 Vrncnrurrnrus
1456 4292 1500 4350 at·

313 4383 390 4452 tulit
413 4405 444 4471 p.
467 4389 531 4451 557
550 4392 583 4451 et
598 4385 759 4471 imprimis
777 4387 856 4453 haec
874 4385 1084 4475 Thucydiden
1105 4388 1144 4453 11.
1170 4391 1223 4453 db.
1247 4390 1302 4453 οὐκ
1323 4387 1452 4470 ἔχοντες
1475 4391 1499 4455 ol

312 4490 460 4590 ανέρωτοι
497 4486 565 4558 οτι
597 4483 797 4571 γένωμαι’
782 4517 814 4569 ες
842 4495 1053 4576 έλιγωρέαν’
1037 4518 1205 4577 ετρατοντο
1240 4494 1339 4560 καὶ“
1328 4497 1414 4583 ιερῶν
1448 4492 1520 4561 ιιαι

313 4597 400 4665 ὁσέων
426 4594 545 4675 ομοίως.
632 4643 634 4646 ⁴
