3309 5750
884 612 950 678 378

330 809 357 874 εί
380 802 415 882 ἦν
435 804 592 886 ἀδίκημα,
616 812 727 868 natum
746 815 795 871 ast
814 812 860 869 Tl
883 816 919 871 nt
939 826 1034 895 saepo
1050 826 1087 872 er
1108 812 1149 869 Η.
1205 803 1325 871 Δίΐιιιο
1346 817 1397 872 est
1415 805 1508 873 ritino

331 913 365 978 in
392 912 570 1002 fragmento
591 914 644 976 34.
676 912 702 975 εί
729 912 787 990 μὲν
812 910 928 976 δίκαιον
953 910 1064 990 ἔλεγεν
1085 910 1103 986 ἢ
1130 909 1266 991 μέτριον
1290 934 1358 1002 pro
1381 912 1471 992 ἔλεγέ
1486 938 1508 979 τι

330 1019 505 1099 ἣμέτοιον.
553 1015 709 1081 Similiter
738 1017 771 1081 in
799 1016 987 1081 Hellenica'r
1016 1014 1189 1083 Vl.1r.5.
1218 1038 1288 1105 pro
1316 1016 1410 1098 είτερ
1433 1013 1507 1093 oiri

329 1128 447 1188 σαυτοῦ
478 1123 562 1196 κη’δει
585 1123 602 1197 ἢ
627 1128 685 1195 τῆς
710 1121 859 1201 πατρίδος
882 1122 1043 1199 ἐπιθυμεῖς
1063 1119 1177 1185 ἀκτέον
1201 1120 1259 1185 ἐστὶ
1285 1123 1367 1196 τοὺς
1394 1121 1507 1205 ἄνδρας,

331 1226 465 1295 emenda
484 1227 570 1306 είτερ
593 1221 643 1291 σύν
666 1251 696 1292 τι
721 1232 838 1291 σαυτοῦ
862 1228 957 1302 κιίδει.

380 1333 450 1398 Tria
481 1330 628 1421 exempla
655 1330 769 1396 addam
799 1330 1061 1421 ertlragmentis
1106 1328 1147 1394 ln
1178 1329 1303 1420 fragm.
1331 1335 1354 1396 2
1381 1331 1509 1397 ann

330 1441 466 1519 οίύμενος
493 1444 601 1504 τοῦτον
626 1437 808 1524 [Αἰσχίνην]
831 1437 1014 1517 Σωκράτους
1035 1434 1263 1513 γενονέναι
1298 1440 1453 1515 μαθητὴν
1472 1436 1508 1501 καί

331 1545 399 1626 τερί
422 1543 613 1618 δικαιοσύνης
635 1543 689 1607 καί
713 1544 825 1622 ἀρετῆς
848 1542 984 1613 πολλοὺς
1009 1538 1062 1604 καί
1081 1539 1215 1617 σεμνοὺς
1235 1540 1397 1620 λέγοντα
1417 1542 1508 1621 λίνοις

330 1654 386 1716 οὐκ
424 1648 462 1714 ίιν
501 1671 578 1713 κοτε
614 1650 813 1727 ἐπιχειρῆσαι
848 1648 915 1712 rori.
970 1642 1229 1735 llrpnngendum
1266 1669 1344 1713 esse
1375 1648 1508 1729 Αἰσχίνη

332 1753 497 1845 apparebit
512 1751 734 1842 praecedentia
755 1752 925 1841 relegentis
944 1762 1108 1843 praeterea
1128 1751 1258 1841 corrige
1280 1754 1453 1834 γεγονότα
1468 1776 1507 1845 prr
1540 1777 1541 1788 ¹

332 1859 508 1938 γενονέναι.
556 1858 594 1923 ln
620 1870 762 1923 extremo
789 1857 851 1923 hoo
880 1852 1057 1949 fragmento
1077 1858 1187 1923 scribit
1207 1858 1253 1924 de
1276 1860 1399 1927 retnla
1420 1860 1506 1927 deon·

330 1962 417 2052 pita:
451 1958 484 2035 ἧς
510 1965 580 2045 ῥᾷον
603 1965 674 2034 τοὺς
699 1962 824 2035 ὀδόντας
847 1964 1016 2045 ἀριθμῆσαι
1041 1964 1059 2040 ἢ
1085 1970 1142 2037 τῆς
1165 1964 1280 2043 χειρὸς
1304 1968 1387 2039 τοὺς
1414 1966 1507 2033 nant

331 2082 425 2145 λους,
461 2070 551 2156 quasi
579 2089 644 2133 non
671 2079 775 2133 essent
801 2067 881 2135 liaeo
900 2069 974 2135 satis
994 2069 1101 2134 facilia
1119 2066 1160 2132 ad
1181 2068 1451 2161 intelligendam
1468 2070 1506 2137 ad·

332 2172 458 2262 scripsit
486 2172 592 2237 nescio
623 2173 696 2262 quis
727 2170 798 2261 [ίσῳ
824 2173 977 2246 ἑλοίττους
1009 2169 1121 2262 tiraq,
1145 2172 1235 2263 quod
1260 2178 1425 2245 certatim
1443 2176 1506 2244 docti

333 2276 479 2345 homiues
498 2291 730 2370 expunxerunt.
777 2279 900 2346 Eodem
920 2280 990 2345 inre
1010 2280 1042 2345 in
1061 2279 1243 2369 fragmento
1262 2286 1285 2347 4
1307 2283 1345 2349 in
1371 2285 1473 2352 verbis
1485 2284 1506 2348 ιί

331 2392 427 2463 τιμῆς
453 2386 653 2464 τεταγμένης
684 2389 838 2451 πωλοῦσιν
863 2386 940 2449 ἀλλ’
965 2386 1004 2457 ὡς
1033 2383 1072 2450 ἂν
1101 2386 1242 2450 δύναιντο
1269 2391 1506 2472 τλειςηριύσαν·

330 2514 383 2564 τες
412 2491 555 2579 [τλείςου
584 2492 768 2578 οίτίδοντο],
804 2500 936 2581 apparet
964 2489 1173 2581 expungenda
1201 2514 1273 2557 essu
1302 2496 1443 2563 ultima.
1479 2492 1504 2559 lr

330 2595 508 2685 fragmento
540 2598 582 2659 46
613 2594 681 2676 τερί
714 2603 770 2669 τῆς
803 2596 917 2677 φιλίοις
947 2603 1005 2670 τῆς
1033 2599 1111 2676 ε’μης
1139 2597 1193 2661 καί
1221 2599 1314 2689 [τῆς]
1343 2602 1503 2685 Φερενίκου,
1540 2623 1541 2628 ’

331 2701 458 2767 additus
485 2701 638 2767 articulus
667 2699 787 2765 indicat
816 2700 895 2765 duas
924 2724 1240 2799 esseresgqnarnm
1264 2716 1417 2798 uterque
1435 2728 1503 2773 suan

330 2806 449 2887 habet,
483 2808 616 2873 omissus
645 2828 742 2871 unam
768 2817 866 2897 atque
895 2806 1031 2873 eandem
1057 2829 1124 2873 esse
1142 2808 1272 2878 duobus
1296 2835 1501 2882 communen.

328 2914 419 2980 ldem
448 2903 563 2978 vitium
582 2924 629 2977 est
650 2913 683 2976 in
708 2911 894 3002 Cyropoed.
914 2911 985 2978 Vll.
1007 2934 1035 2978 r.
1057 2918 1100 2978 52
1119 2909 1152 2978 ού
1172 2915 1228 2990 ἤδη
1253 2918 1388 2985 ἐδόκουν
1411 2920 1502 2986 είδίιιι

327 3015 374 3084 ύτι
408 3021 511 3093 τολλη
546 3018 644 3083 ἔσοιτο
680 3019 815 3099 οίφίονία
849 3025 907 3092 τῆς
939 3021 1017 3097 ἐμῆς
1048 3020 1101 3083 καί
1131 3020 1218 3108 [τῆς]
1247 3029 1310 3095 σῆς
1337 3006 1501 3094 συνουσίας.

329 3134 362 3188 et
393 3122 426 3187 in
457 3122 643 3188 Hellanicus
668 3120 727 3188 lll.
748 3138 770 3188 r.
794 3124 850 3188 26.
881 3123 924 3188 τίς
949 3123 1077 3196 Μανίας
1101 3126 1154 3188 καί
1183 3123 1253 3211 [τὰ]
1288 3128 1502 3212 Φαρναβάζου.

330 3231 429 3297 Recte
458 3229 617 3320 Diogenes
646 3228 729 3321 apud
762 3229 857 3294 Illuc.
887 3227 1011 3295 Latent.
1043 3228 1097 3294 Vl.
1125 3232 1168 3294 36
1191 3231 1247 3303 την
1275 3232 1336 3304 σην
1361 3234 1418 3299 καί
1441 3233 1502 3312 ἐμίν

328 3336 441 3419 φιλίαν
457 3334 647 3415 ἡμιωβολίου
662 3334 761 3415 τυρίον
776 3333 979 3408 διαλέλυκεν,
1000 3345 1033 3398 et
1048 3332 1164 3424 passim
1183 3333 1271 3423 apud
1292 3357 1421 3404 omnes.
1442 3335 1502 3403 Non

330 3463 459 3532 possum
490 3439 687 3506 disertissimi
719 3438 776 3504 riri
802 3437 980 3527 fragmenta
1000 3437 1161 3529 deponere
1180 3461 1217 3503 er
1236 3441 1395 3508 manibus
1411 3443 1503 3534 prius·

332 3569 430 3637 quam
464 3547 524 3611 tria
554 3545 735 3636 turpissima
762 3543 839 3611 vitia
867 3542 1069 3624 indicavero,
1102 3566 1184 3634 qnae
1209 3543 1242 3608 in
1272 3545 1333 3610 tali
1360 3549 1504 3639 scriptore

332 3653 529 3720 odiosissima
557 3663 639 3718 sunt.
685 3650 728 3715 ln
753 3650 866 3740 fragm.
892 3654 936 3714 33
961 3651 1028 3716 οὐδὲ
1066 3649 1096 3715 εί
1123 3674 1171 3722 τις
1203 3650 1388 3726 είστοίητος
1419 3651 1504 3722 edire

331 3759 429 3830 οὐδεὶς
450 3759 599 3837 arcessar
622 3756 677 3830 την
699 3754 821 3834 μητέρα
844 3756 940 3818 αὑτοῦ
965 3759 1026 3819 τῶν
1051 3753 1244 3838 χρημοίτων,
1270 3757 1504 3826 emendacio

333 3862 546 3937 σ’ἐίστοίητος
569 3859 679 3936 τοίύοι,
709 3864 744 3923 si
766 3859 938 3947 quidfilr'o
956 3859 1113 3949 adoptivo
1132 3860 1319 3940 acciderat,
1344 3864 1506 3932 notissimo

333 3988 403 4032 usu.
451 3964 488 4028 ln
511 3961 727 4052 pulcherrimo
755 3963 935 4051 fragmento
957 3968 999 4029 45
1020 3963 1143 4030 editur:
1163 3966 1353 4046 ’Άρχιοττος
1375 3970 1442 4052 γὰρ
1465 3968 1506 4034 αἱ·

333 4070 400 4136 rori
425 4069 655 4134 ἀπεδύσατο
674 4069 731 4147 μὲν
753 4069 796 4139 είς
816 4069 872 4142 την
893 4070 991 4142 αὐτην
1014 4070 1197 4152 ταλαίςραν
1214 4067 1309 4154 οὗτος
1327 4075 1387 4140 καὶ
1408 4083 1505 4145 Τῖσις.

333 4172 441 4242 Foeda
473 4172 634 4238 barbaries
661 4172 844 4239 οίτεδύσατο
871 4196 889 4238 a
922 4170 1043 4240 nullius
1074 4177 1215 4242 oratione
1243 4179 1347 4268 magis
1378 4199 1506 4272 quamn

335 4280 469 4370 Lysiaca
487 4277 646 4345 abhorret
687 4279 813 4346 Bonum
835 4278 979 4362 lactum,
1004 4281 1091 4371 qnod
1110 4284 1267 4349 sententia
1288 4285 1373 4352 dicti
1394 4288 1506 4378 imper·

336 4388 458 4453 fectum
486 4386 620 4476 requirit
649 4388 822 4465 οίτεδύετο,
856 4398 899 4452 et.
916 4399 990 4478 post
1018 4410 1121 4479 pauoa
1149 4390 1185 4453 τδ
1214 4390 1272 4468 μὲν
1298 4399 1420 4473 πρῶτον
1442 4417 1506 4459 σνν-

335 4498 468 4561 δειτνείν
492 4493 653 4566 ἐκέλευεν,
679 4493 783 4568 ε’τειδη
806 4493 834 4557 δ’
848 4495 902 4558 oda
925 4495 1072 4570 ἠθέλησεν
1100 4496 1203 4571 ίδεηύη
1227 4494 1314 4571 ίίκειν
1339 4501 1439 4566 αὐτὸν
1460 4498 1505 4565 tet

336 4608 436 4681 κῶμον
467 4598 569 4676 λέγων
599 4593 645 4662 ύτι
674 4598 743 4676 μεθ’
768 4598 864 4662 αὑτοῦ
890 4598 942 4663 καί
973 4604 1033 4663 τῶν
1061 4599 1220 4662 οἰκετῶν
1252 4598 1390 4668 τιέτω.
1438 4603 1506 4669 Non

338 4709 484 4776 solebant
502 4726 576 4771 cum
596 4706 739 4770 seruulis
757 4708 830 4770 suas
850 4716 962 4795 potare
972 4753 981 4785 ‚
995 4701 1134 4796 opinor,
1151 4703 1261 4797 itaque
1279 4707 1407 4807 corrige
1426 4714 1507 4798 μετὰ
